1682 3068
159 109 217 151 14
739 110 968 141 Amr]

151 217 312 330 pil-iore,
345 213 518 271 disserit,
549 212 910 265 confutationem
929 219 979 266 in
1000 235 1138 268 vnum
1157 227 1292 286 caput
1313 235 1560 282 congerere

154 301 186 350 p
205 292 319 330 acet..

154 460 199 508 b'
252 395 402 442 Primo
442 395 581 456 igitur
613 398 758 463 capite
787 397 923 455 clare,
967 408 1017 447 vt
1051 401 1241 464 opinor,
1290 397 1559 448 demonstra-

188 478 305 509 imus

228 568 266 619 I.
311 567 629 639 Conuetfionem
663 570 796 622 Panis
827 580 867 621 et
890 570 1016 630 Vini,
1067 589 1194 642 quam
1213 573 1411 624 Romana
1438 570 1557 624 Eccl.

309 643 534 716 diffindat,
574 646 800 710 'Litargiis
823 649 1009 716 antiquis
1026 665 1108 698 non
1128 648 1327 717 firmari.

254 759 409 823 Atque
435 753 644 816 ingressus·
671 755 807 802 huius
840 754 1224 804 demonstrationis
1253 758 1503 818 Liturgicae
1538 775 1562 804 a

155 824 403 870 Μαναίονὶο
430 821 568 869 fastus
591 821 652 868 est
673 823 726 869 ab
750 822 1093 886 reprehensione
1115 825 1395 871 Graecorum
1420 837 1464 870 et
1483 828 1560 887 Sy-

152 907 331 943 rorum,
351 906 485 952 qum,
515 907 618 936 cum
639 892 685 936 in
708 890 800 955 ipso
821 889 1123 938 conuersionis
1145 891 1356 951 dogmate
1377 893 1560 938 consen-

150 962 265 1005 tiant
286 973 388 1004 cum
411 956 600 1004 Ecclesia
621 962 832 1014 Romana,
860 957 1081 1005 dissentire
1103 961 1149 1004 in
1170 976 1239 1014 eo,
1259 957 1381 1022 quod
1395 969 1561 1018 negent

154 1024 546 1074 consecrationem
575 1024 916 1073 Eucharisticam
946 1025 1042 1073 fieri
1071 1025 1171 1072 solis
1192 1025 1358 1072 verbis:
1397 1027 1470 1073 hoc
1502 1025 1559 1091 est

153 1111 304 1154 corpus
327 1110 467 1141 meum.
545 1098 658 1140 Non
678 1104 899 1158 repetam,
931 1111 1045 1158 quae
1065 1090 1293 1140 doti-issimi
1315 1093 1561 1154 Theologi,

157 1177 320 1224 :rvque
340 1161 428 1224 ipse
454 1181 548 1209 vm
576 1180 930 1219 VENERAnnE,
973 1161 1139 1207 dudum
1170 1163 1214 1206 in
1242 1160 1347 1208 Obs.
1372 1163 1410 1207 S.
1441 1162 1561 1221 (ιιι.

151 1246 196 1294 p.
237 1244 329 1288 194
359 1238 404 1274 et
440 1231 563 1291 339)
599 1239 758 1275 contra
785 1229 1049 1275 sententiam
1079 1227 1293 1276 Ecclesiae
1322 1231 1559 1286 Romanae,

153 1312 270 1360 quae
301 1295 368 1341 his
397 1295 498 1344 solis
532 1295 680 1343 verbis
710 1296 1094 1344 consecrationem
1123 1295 1218 1343 fieri
1250 1295 1471 1351 decernit,
1511 1306 1566 1344 vt·
1638 1348 1649 1351 ,A

151 1363 254 1411 falsa
265 1373 311 1409 et
329 1380 460 1421 noua,
480 1362 698 1411 verissime
719 1365 883 1426 pariter
901 1376 1036 1429 atque
1050 1361 1288 1411 dofflssime
1311 1360 1557 1427 disputasti:

153 1448 347 1496 quorum
386 1442 509 1478 tanta
541 1429 604 1477 est
632 1431 873 1487 euidentia,
913 1443 961 1479 vt
989 1434 1120 1479 etiam
1151 1434 1267 1490 inter
1296 1429 1556 1478 Pontificios

153 1500 399 1552 extiterint,
432 1500 709 1547 Renaldotius
729 1510 775 1546 et
797 1499 1022 1554 Tattaeus,
1059 1501 1130 1562 qui
1154 1499 1407 1554 faterentur,
1439 1498 1554 1544 hanc

153 1569 419 1631 opinionem
456 1583 561 1613 curn
603 1566 826 1614 vniuersae
865 1565 1079 1612 Ecclesiae
1129 1566 1288 1611 veteris
1341 1559 1556 1613 sententia

150 1650 374 1699 pugnare,
414 1649 601 1698 eamque
621 1633 731 1679 adeo
753 1650 776 1678 a
795 1632 866 1678 sua
885 1631 1069 1679 Ecclesia
1087 1633 1270 1678 alienam
1293 1631 1397 1688 esse,
1433 1632 1555 1680 credi

153 1711 382 1766 cuperent.
450 1702 723 1752 Muratorius
745 1698 924 1763 quidem
946 1699 1129 1747 mirifice
1148 1699 1190 1746 se
1209 1701 1394 1764 expedit.
1436 1700 1554 1746 Pau-

151 1774 207 1816 cis
217 1769 270 1832 se
284 1768 502 1824 disturum,
523 1771 602 1822 ait,
624 1767 837 1832 rett'ffme
857 1786 882 1814 a
900 1767 1126 1816 Catholicis
1143 1767 1554 1831 constitutumfmjffe,

156 1837 516 1900 Conficrationem
537 1840 717 1897 pendere
735 1839 940 1882 duntaxat
960 1853 984 1880 e
1006 1835 1161 1898 Clm'sti
1180 1839 1317 1883 verbis
1351 1836 1470 1896 (hoc
1491 1833 1561 1882 est·

153 1922 321 1968 corpus
345 1905 528 1965 meum)
557 1905 731 1966 Dogma
751 1920 924 1966 namque
943 1903 1016 1950 hoc
1034 1920 1088 1949 ex
1104 1906 1286 1965 antiquis
1306 1904 1359 1950 P.
1380 1905 1434 1950 Ρ.
1454 1904 1552 1960 elici,

144 1973 398 2037 praestan-im
436 1989 489 2018 ex
517 1973 580 2018 Io.
608 1970 922 2034 ChrysostomO,
973 1971 1188 2035 Ambrosio
1227 1979 1269 2016 et
1305 1971 1551 2034 Augastino.

153 2038 226 2088 Ad
250 2057 362 2103 quae
385 2038 503 2085 forte
524 2040 623 2102 quis
641 2040 793 2101 paucis
820 2037 1110 2101 respondeat:
1151 2034 1271 2084 istam
1301 2041 1553 2099 orationem

151 2109 285 2173 plane
305 2105 534 2167 indignam
548 2103 630 2151 effe
640 2108 899 2160 Muratorio,
919 2105 1168 2169 meliusque
1185 2102 1401 2151 fasturum
1415 2102 1552 2162 fuisse,

151 2174 185 2222 fi
210 2190 392 2227 omnem
413 2176 695 2221 mentionem
716 2174 812 2218 eius
839 2173 904 2218 rei
931 2189 957 2218 e
987 2171 1281 2237 disputatione
1310 2173 1382 2219 sua
1411 2172 1552 2219 semo-

148 2239 293 2298 visset,
327 2257 429 2287 cum
452 2240 560 2286 nihil
582 2241 739 2286 melius
765 2237 905 2303 posset
924 2238 1097 2287 afferre.
1166 2240 1251 2286 Sed
1277 2241 1416 2287 lenius
1451 2255 1548 2300 aga·

151 2327 275 2365 mus,
317 2306 494 2370 quando
522 2305 714 2370 quaestio
745 2306 800 2353 de
822 2308 1154 2355 consecratione
1177 2304 1467 2354 Eucharistica
1486 2304 1549 2352 est

152 2375 391 2432 eiusmodi,
419 2385 468 2421 vt
487 2372 622 2421 nostri
643 2391 820 2439 quoque
840 2391 924 2420 nec
950 2375 1228 2422 consentiant
1248 2375 1371 2438 satis,¹
1388 2390 1484 2426 ,nec
1506 2374 1547 2421 se

152 2442 387 2509 expediant
407 2442 543 2488 facile.
609 2443 833 2491 Formulae
855 2443 1105 2490 Concordiae
1124 2440 1341 2490 Austores
1364 2436 1483 2503 (iiam
1501 2443 1547 2488 in

153 2513 311 2560 ceteris
322 2508 656 2557 Confeffionum
677 2509 797 2556 libris
820 2508 931 2556 nihil
950 2507 1011 2557 est
1034 2510 1278 2557 admodum
1301 2510 1389 2556 huc
1407 2512 1546 2574 perti-

152 2582 294 2644 nens)
321 2587 499 2643 ponunt
526 2581 572 2624 in
599 2576 689 2625 sola
708 2579 966 2633 recitatione
986 2577 1225 2628 verborum
1242 2575 1546 2632 Institutionis,

1401 2661 1544 2710 usque
