1682 3068
178 163 274 216 308
615 170 691 200 nn:
725 168 1118 207 nxscernwA

182 292 270 323 nus
293 271 569 329 adfefflonis,
603 284 650 322 et
679 291 791 338 parS,
821 277 870 324 in
892 293 1024 342 quam
1055 273 1213 324 adfeffi
1243 277 1406 335 sumus,
1436 277 1580 327 deter‹

181 346 380 398 minetur
399 353 530 407 atque
549 343 828 403 intelligatur,
846 354 894 391 vt
912 341 959 394 ὲῦ
978 344 1044 390 vel
1068 345 1218 397 κακῶς
1237 343 1412 411 φρονεῖν,
1444 344 1580 393 bene·
1602 398 1603 402 ,
1677 348 1682 358 ‘

185 412 342 460 volum
364 410 433 459 vel
454 409 721 457 maleuolum
746 409 840 464 effe,
859 411 1056 475 μεγάλα.
1073 414 1141 460 vel
1159 411 1314 475 magd,
1332 412 1583 461 sensus-eel-

185 478 445 535 sos,3elatos
471 478 541 525 vel
573 476 775 531 demissos
795 480 1080 543 humilesque
1100 478 1277 535 habere,
1305 491 1351 526 et
1371 478 1564 528 aliafimi

185 548 263 601 lia;
306 544 429 609 quod
458 545 608 596 multis
644 548 854 610 exemplis
893 549 1048 594 aetatis
1077 550 1285 611 antiquae
1315 548 1582 611 scriptorum

184 611 456 668 confirmari,
486 629 579 659 non
592 611 770 673 *necesse
791 612 862 660 est.
916 614 1039 660 Istius
1060 632 1166 661 vero
1187 612 1444 663 adfestionis
1464 614 1581 662 caus-

184 682 227 728 sa
244 712 246 715 >
263 677 324 725 est
355 682 402 726 in
429 680 481 726 iis
509 680 808 743 opinionibus,
843 698 950 745 quas
980 682 1033 727 de
1056 699 1103 727 re
1131 682 1218 746 ipsa
1247 682 1511 747 suscepimus
1530 698 1583 730 ae

184 748 625 803 firmiter-tenemus,
658 764 760 811 erga
786 765 918 814 quam
947 751 992 796 in
1018 750 1273 796 alterutram
1301 743 1480 814 partem
1508 747 1581 797 ad-

1667 435 1682 528 l]

182 810 287 870 feffl
313 815 475 862 sumus.
544 819 698 879 Atque
719 824 771 863 ea
801 818 957 880 opinio
995 817 1068 864 seu
1093 815 1310 881 persuasio
1341 817 1402 864 de
1429 815 1580 872 rebus,
1660 841 1682 846 --

185 900 319 949 quam
338 882 618 931 commodius
628 884 1018 949 ,sensum‘hominis
1040 886 1229 932 animiue
1249 885 1449 941 dicimus,
1478 900 1582 946 pro-

180 953 279 1016 prie
307 948 381 1009 est,
414 967 526 1014 quae
556 967 636 1014 per
667 950 850 999 verbum
881 953 1101 998 Graecum
1128 954 1292 1020 φξονεῐν
1312 954 1578 1016 exprimitur.

179 1021 232 1067 Ei
251 1021 420 1082 primae
446 1015 578 1082 atque
607 1021 813 1082 propriae
845 1017 1151 1080 significationi
1179 1019 1374 1067 adiunxit
1399 1020 1497 1066 vsus
1517 1021 1582 1065 lo-

179 1086 347 1152 quendi
377 1086 654 1140 communia,
684 1085 726 1131 id
751 1085 869 1150 quod
889 1088 980 1133 eius
1002 1085 1063 1133 est
1083 1087 1371 1151 consequens.
1440 1091 1580 1142 Nam,

177 1163 227 1203 vt
246 1153 299 1199 de
330 1171 506 1218 quaque
528 1171 576 1198 re
597 1152 808 1201 sentimus
826 1164 873 1201 et
891 1156 1136 1217 opinamur,
1166 1156 1226 1201 ita
1245 1171 1347 1215 erga
1368 1172 1461 1201 eam
1482 1170 1578 1201 mo-
1597 1171 1604 1186 ¹

180 1229 340 1270 vemur
358 1233 488 1285 atque
507 1217 753 1271 afficimur-⁷
791 1220 874 1268 Sed
895 1222 1006 1268 haec
1026 1221 1227 1268 breuiter
1244 1222 1342 1269 sunt
1364 1219 1580 1269 illustran-

179 1289 233 1336 da
258 1299 303 1336 et
333 1287 648 1336 confirmanda.

280 1375 354 1418 14.
381 1362 447 1404 Ac
471 1354 601 1402 verba
619 1355 799 1419 quidem
819 1356 984 1419 fintire
1006 1357 1222 1419 acfi’nstas,
1255 1355 1372 1421 apud
1393 1355 1577 1409 Latinos

175 1425 236 1471 ita
266 1422 372 1480 dici,
403 1427 486 1480 vix,
514 1433 564 1470 vt
595 1425 848 1489 opinamur,
896 1434 1000 1485 eget
1030 1422 1402 1471 demonstratione
1430 1424 1581 1484 longa.

181 1490 392 1540 Ciceronis
420 1491 599 1555 quidem
640 1492 710 1537 illa
739 1492 839 1538 sunt
869 1509 920 1537 ex
950 1494 1039 1537 hoc
1068 1483 1252 1552 genere':
1298 1495 1347 1539 de
1373 1493 1578 1554 republica

167 1562 393 1623 praeclare
415 1569 537 1624 atque
559 1563 722 1625 egregie
729 1560 900 1623 fintz‘re,
919 1560 1043 1614 item,
1077 1561 1183 1607 male
1205 1567 1280 1605 aut
1298 1559 1578 1620 benefi’ntire,

167 1628 317 1691 senfin·
335 1631 384 1675 de
413 1630 632 1688 republica,
667 1637 715 1672 et
749 1627 828 1672 alia
862 1626 1007 1689 plura,
1035 1642 1146 1688 quae
1176 1627 1307 1671 etiam
1329 1626 1483 1671 Lexica
1507 1626 1577 1670 in-

179 1694 350 1748 dicant;
387 1696 431 1740 in
467 1692 629 1756 quibus
659 1694 831 1757 semper
851 1694 1122 1755 exprimitur,
1155 1702 1254 1738 tum
1277 1690 1380 1756 quid
1401 1693 1497 1754 quis
1518 1690 1575 1738 de

176 1761 404 1826 republica
433 1760 632 1807 vniuersa
659 1757 833 1814 statuat,
864 1770 961 1805 tum
994 1759 1227 1823 quomodo
1259 1775 1366 1820 erga
1383 1776 1479 1806 eam
1500 1758 1575 1805 ad-

176 1827 317 1877 fessus
334 1827 394 1889 fit,
426 1844 551 1874 amor
571 1839 617 1874 et
637 1826 789 1874 odium
818 1825 1086 1891 reipublicae
1106 1825 1237 1891 ipfius
1259 1837 1304 1872 et
1326 1825 1471 1872 salutis
1490 1842 1573 1889 pu-

176 1893 329 1944 blicae.
393 1890 592 1962 ’Φςόνημα
622 1911 781 1958 porro,
814 1892 932 1958 apud
962 1895 1170 1950 Paullum,
1194 1891 1266 1948 est,
1295 1895 1495 1958 primum
1527 1894 1574 1941 in

174 1963 463 2029 opinionibus
481 1962 535 2015 de
554 1961 687 2010 rebus
707 1962 835 2008 bonis
855 1971 900 2007 et
918 1961 1042 2007 malis
1063 1960 1317 2026 expetendis
1340 1971 1384 2007 et
1399 1960 1573 2021 fugien-

177 2033 255 2089 dis,
286 2030 446 2077 deinde
475 2033 522 2078 in
550 2046 700 2078 amore
730 2027 962 2093 studioque
983 2026 1086 2075 inde
1105 2039 1207 2076 orto
1226 2045 1376 2075 rerum
1399 2026 1573 2075 diuina-

177 2116 279 2146 rum
301 2109 349 2145 et
367 2099 671 2153 humanarum,
694 2097 764 2144 vel
787 2094 891 2143 odio
914 2107 959 2143 et
975 2091 1233 2144 contemtu:
1263 2112 1412 2159 neque
1433 2112 1483 2142 ea
1499 2111 1573 2142 res

175 2166 314 2215 habet
341 2176 418 2214 aut
447 2165 612 2212 habere
641 2162 786 2229 potest
818 2162 1153 2211 dubitationem.
1221 2163 1354 2228 Apud
1374 2164 1571 2210 Graecos

174 2234 356 2298 quidem
380 2231 600 2301 ’φρόνημα
627 2248 720 2278 non
746 2229 975 2296 vsurpatur
994 2229 1046 2277 ad
1067 2242 1306 2295 Vtrumque
1324 2231 1571 2295 exprimen-

176 2302 300 2358 dum,
333 2300 405 2348 sed
425 2312 602 2348 tantum
624 2299 678 2346 de
698 2295 948 2346 adfeffione
965 2299 1107 2359 aliqua
1125 2300 1271 2355 animi,
1298 2309 1344 2345 et
1362 2301 1509 2361 magis*
1521 2298 1569 2344 in

174 2366 444 2416 deteriorem
471 2382 656 2433 partem,
691 2375 740 2413 vt
759 2363 883 2421 fastu,
918 2365 1119 2429 superbia
1145 2377 1278 2430 atque
1298 2365 1463 2412 ferocia
1484 2374 1567 2411 cet.

171 2448 222 2483 vt
240 2432 473 2499 saepissime
505 2438 636 2482 etiam
666 2432 848 2480 verbum
873 2434 1042 2498 φξονιιῖν·
1071 2433 1117 2478 in
1138 2437 1282 2479 Nouo
1313 2443 1459 2485 autem
1478 2435 1568 2478 Te·
1644 2447 1646 2453 ·

171 2499 403 2559 stamento,
436 2506 479 2549 in
502 2504 610 2550 locis
632 2502 791 2550 scilicet
819 2512 919 2547 ante
935 2500 1084 2553 allatis,
1119 2495 1328 2563 epistolae
1350 2497 1566 2546 Paullinae
1640 2508 1646 2526 ’-

152 2567 226 2617 ’ad
254 2572 495 2625 Romanos,
530 2580 768 2631 vtrumque
803 2566 986 2614 verbum
1015 2577 1253 2631 Vtrumque
1271 2568 1488 2631 exprimit,
1520 2575 1566 2611 et
1635 2609 1638 2611 Α

167 2634 380 2685 iudicium
409 2636 464 2684 de
491 2635 648 2694 rebus,
680 2646 726 2682 et
749 2632 1040 2684 adfefiiionem
1067 2651 1119 2681 ex
1143 2651 1199 2682 eo
1229 2645 1384 2682 ortam.
1453 2636 1565 2679 Hue
1604 2697 1605 2701 Ἰ
1648 2631 1662 2650 ”

1429 2699 1561 2746 etiam

1670 1314 1671 1319 Α
1668 1276 1672 1285 ⁷
1664 1096 1682 1254 anmffl.-w
1668 1050 1682 1080 aa
1679 1027 1682 1034 .„
1676 986 1682 1001 ..
1674 955 1678 963 «Α
1671 910 1676 915 ·
