<?xml version="1.0" encoding="UTF-8"?>
<!DOCTYPE html PUBLIC "-//W3C//DTD XHTML 1.0 Transitional//EN"
    "http://www.w3.org/TR/xhtml1/DTD/xhtml1-transitional.dtd">
<html xmlns="http://www.w3.org/1999/xhtml" xml:lang="en" lang="en">
 <head>
  <title>
</title>
<meta http-equiv="Content-Type" content="text/html;charset=utf-8" />
  <meta name='ocr-system' content='tesseract 3.04.00' />
  <meta name='ocr-capabilities' content='ocr_page ocr_carea ocr_par ocr_line ocrx_word'/>
</head>
<body>
  <div class='ocr_page' id='page_1' title='image "./opusculatheologi00erneuoft_0162.png"; bbox 0 0 1682 3068; ppageno 0'>
   <div class='ocr_carea' id='block_1_1' title="bbox 234 205 1297 253">
    <p class='ocr_par' dir='ltr' id='par_1_1' title="bbox 234 205 1297 253">
     <span class='ocr_line' id='line_1_1' title="bbox 234 205 1297 253; baseline 0.007 -14"><span class='ocrx_word' id='word_1_1' title='bbox 234 205 331 253; x_wconf 75' lang='lat'>140</span> <span class='ocrx_word' id='word_1_2' title='bbox 567 209 629 238; x_wconf 68' lang='lat' dir='ltr'>DE</span> <span class='ocrx_word' id='word_1_3' title='bbox 657 210 999 242; x_wconf 63' lang='lat' dir='ltr'>PRAESENTIA</span> <span class='ocrx_word' id='word_1_4' title='bbox 1034 214 1297 247; x_wconf 71' lang='lat' dir='ltr'>CORPORIS</span> 
     </span>
    </p>
   </div>
   <div class='ocr_carea' id='block_1_2' title="bbox 156 299 1623 2746">
    <p class='ocr_par' dir='ltr' id='par_1_2' title="bbox 183 299 1623 1324">
     <span class='ocr_line' id='line_1_2' title="bbox 226 299 1623 387; baseline 0.008 -27"><span class='ocrx_word' id='word_1_5' title='bbox 226 314 340 360; x_wconf 79' lang='lat' dir='ltr'>nihil</span> <span class='ocrx_word' id='word_1_6' title='bbox 361 310 421 359; x_wconf 88' lang='lat' dir='ltr'>est</span> <span class='ocrx_word' id='word_1_7' title='bbox 441 309 521 359; x_wconf 79' lang='lat' dir='ltr'>nisi</span> <span class='ocrx_word' id='word_1_8' title='bbox 539 312 782 363; x_wconf 80' lang='lat' dir='ltr'>admonitio</span> <span class='ocrx_word' id='word_1_9' title='bbox 802 299 947 382; x_wconf 62' lang='lat' dir='ltr'>aliqua</span> <span class='ocrx_word' id='word_1_10' title='bbox 971 337 1023 365; x_wconf 84' lang='lat' dir='ltr'>ex</span> <span class='ocrx_word' id='word_1_11' title='bbox 1044 318 1242 368; x_wconf 88' lang='lat' dir='ltr'>instituto</span> <span class='ocrx_word' id='word_1_12' title='bbox 1254 321 1623 387; x_wconf 74' lang='lat' dir='ltr'>Christi·cog&#39;·nito.</span> 
     </span>
     <span class='ocr_line' id='line_1_3' title="bbox 224 379 1623 454; baseline 0.011 -28"><span class='ocrx_word' id='word_1_13' title='bbox 224 384 352 427; x_wconf 63' lang='lat' dir='ltr'>Haec</span> <span class='ocrx_word' id='word_1_14' title='bbox 370 398 476 447; x_wconf 83' lang='lat' dir='ltr'>vero</span> <span class='ocrx_word' id='word_1_15' title='bbox 496 397 588 427; x_wconf 90' lang='lat' dir='ltr'>non</span> <span class='ocrx_word' id='word_1_16' title='bbox 607 379 669 427; x_wconf 88' lang='lat' dir='ltr'>est</span> <span class='ocrx_word' id='word_1_17' title='bbox 689 383 759 431; x_wconf 87' lang='lat' dir='ltr'>illa</span> <span class='ocrx_word' id='word_1_18' title='bbox 777 381 966 432; x_wconf 83' lang='lat' dir='ltr'>efficacia</span> <span class='ocrx_word' id='word_1_19' title='bbox 987 387 1201 444; x_wconf 86' lang='lat' dir='ltr'>salutaris,</span> <span class='ocrx_word' id='word_1_20' title='bbox 1223 405 1355 454; x_wconf 87' lang='lat' dir='ltr'>quam</span> <span class='ocrx_word' id='word_1_21' title='bbox 1374 401 1458 438; x_wconf 83' lang='lat' dir='ltr'>nos</span> <span class='ocrx_word' id='word_1_22' title='bbox 1470 392 1623 440; x_wconf 85' lang='lat' dir='ltr'>defen·</span> 
     </span>
     <span class='ocr_line' id='line_1_4' title="bbox 225 447 1622 523; baseline 0.01 -29"><span class='ocrx_word' id='word_1_23' title='bbox 225 449 372 496; x_wconf 83' lang='lat' dir='ltr'>dimus</span> <span class='ocrx_word' id='word_1_24' title='bbox 395 466 464 515; x_wconf 85' lang='lat' dir='ltr'>re,</span> <span class='ocrx_word' id='word_1_25' title='bbox 506 449 570 496; x_wconf 91' lang='lat' dir='ltr'>illi</span> <span class='ocrx_word' id='word_1_26' title='bbox 587 447 733 497; x_wconf 86' lang='lat' dir='ltr'>verbo.</span> <span class='ocrx_word' id='word_1_27' title='bbox 832 455 890 500; x_wconf 88' lang='lat' dir='ltr'>Et</span> <span class='ocrx_word' id='word_1_28' title='bbox 916 454 1025 500; x_wconf 87' lang='lat' dir='ltr'>haec</span> <span class='ocrx_word' id='word_1_29' title='bbox 1050 454 1113 501; x_wconf 86' lang='lat' dir='ltr'>est</span> <span class='ocrx_word' id='word_1_30' title='bbox 1142 455 1352 504; x_wconf 86' lang='lat' dir='ltr'>omnibus</span> <span class='ocrx_word' id='word_1_31' title='bbox 1373 458 1622 523; x_wconf 84' lang='lat' dir='ltr'><strong>hypocritis</strong></span> 
     </span>
     <span class='ocr_line' id='line_1_5' title="bbox 221 518 1619 591; baseline 0.008 -28"><span class='ocrx_word' id='word_1_32' title='bbox 221 534 326 564; x_wconf 89' lang='lat' dir='ltr'>cum</span> <span class='ocrx_word' id='word_1_33' title='bbox 341 534 441 564; x_wconf 87' lang='lat' dir='ltr'>vere</span> <span class='ocrx_word' id='word_1_34' title='bbox 463 518 544 581; x_wconf 87' lang='lat' dir='ltr'>piis</span> <span class='ocrx_word' id='word_1_35' title='bbox 565 520 834 585; x_wconf 81' lang='lat' dir='ltr'>communis3</span> <span class='ocrx_word' id='word_1_36' title='bbox 870 521 987 582; x_wconf 90' lang='lat' dir='ltr'>quod</span> <span class='ocrx_word' id='word_1_37' title='bbox 1012 522 1134 569; x_wconf 86' lang='lat' dir='ltr'>secus</span> <span class='ocrx_word' id='word_1_38' title='bbox 1156 521 1221 570; x_wconf 87' lang='lat' dir='ltr'>est</span> <span class='ocrx_word' id='word_1_39' title='bbox 1238 527 1284 571; x_wconf 92' lang='lat' dir='ltr'>in</span> <span class='ocrx_word' id='word_1_40' title='bbox 1305 523 1493 572; x_wconf 81' lang='lat' dir='ltr'>efficacia</span> <span class='ocrx_word' id='word_1_41' title='bbox 1517 543 1619 591; x_wconf 85' lang='lat' dir='ltr'>pro-</span> 
     </span>
     <span class='ocr_line' id='line_1_6' title="bbox 217 586 1618 656; baseline 0.008 -25"><span class='ocrx_word' id='word_1_42' title='bbox 217 587 314 649; x_wconf 69' lang='lat' dir='ltr'>pria</span> <span class='ocrx_word' id='word_1_43' title='bbox 333 587 614 632; x_wconf 77' lang='lat' dir='ltr'>Sacramenti.</span> <span class='ocrx_word' id='word_1_44' title='bbox 694 588 828 642; x_wconf 89' lang='lat' dir='ltr'>Quod</span> <span class='ocrx_word' id='word_1_45' title='bbox 861 586 890 633; x_wconf 83' lang='lat' dir='ltr'>fi</span> <span class='ocrx_word' id='word_1_46' title='bbox 911 588 1053 652; x_wconf 87' lang='lat' dir='ltr'>ipsum</span> <span class='ocrx_word' id='word_1_47' title='bbox 1078 606 1242 656; x_wconf 84' lang='lat' dir='ltr'>corpus</span> <span class='ocrx_word' id='word_1_48' title='bbox 1267 591 1424 639; x_wconf 84' lang='lat' dir='ltr'>Christi</span> <span class='ocrx_word' id='word_1_49' title='bbox 1460 612 1618 642; x_wconf 87' lang='lat' dir='ltr'>verum</span> 
     </span>
     <span class='ocr_line' id='line_1_7' title="bbox 218 652 1618 724; baseline 0.008 -25"><span class='ocrx_word' id='word_1_50' title='bbox 218 665 323 700; x_wconf 90' lang='lat' dir='ltr'>curn</span> <span class='ocrx_word' id='word_1_51' title='bbox 354 654 563 716; x_wconf 77' lang='lat' dir='ltr'>sanguine</span> <span class='ocrx_word' id='word_1_52' title='bbox 589 655 680 700; x_wconf 87' lang='lat' dir='ltr'>eius</span> <span class='ocrx_word' id='word_1_53' title='bbox 709 652 846 712; x_wconf 83' lang='lat' dir='ltr'>adest,</span> <span class='ocrx_word' id='word_1_54' title='bbox 888 655 1128 714; x_wconf 84' lang='lat' dir='ltr'>habemus,</span> <span class='ocrx_word' id='word_1_55' title='bbox 1181 660 1348 724; x_wconf 46' lang='lat' dir='ltr'>in‘quo</span> <span class='ocrx_word' id='word_1_56' title='bbox 1375 658 1618 710; x_wconf 86' lang='lat' dir='ltr'>efficaciam</span> 
     </span>
     <span class='ocr_line' id='line_1_8' title="bbox 211 718 1615 789; baseline 0.006 -21"><span class='ocrx_word' id='word_1_57' title='bbox 211 731 460 786; x_wconf 84' lang='lat' dir='ltr'>ponamus,</span> <span class='ocrx_word' id='word_1_58' title='bbox 487 721 611 785; x_wconf 63' lang='lat' dir='ltr'>‚quod</span> <span class='ocrx_word' id='word_1_59' title='bbox 631 718 869 768; x_wconf 81' lang='lat' dir='ltr'>efficaciam</span> <span class='ocrx_word' id='word_1_60' title='bbox 891 722 1054 770; x_wconf 89' lang='lat' dir='ltr'>habere</span> <span class='ocrx_word' id='word_1_61' title='bbox 1073 725 1205 789; x_wconf 79' lang='lat' dir='ltr'>poffit</span> <span class='ocrx_word' id='word_1_62' title='bbox 1231 726 1410 775; x_wconf 70' lang='lat' dir='ltr'>insitam.</span> <span class='ocrx_word' id='word_1_63' title='bbox 1486 735 1550 776; x_wconf 89' lang='lat' dir='ltr'>At</span> <span class='ocrx_word' id='word_1_64' title='bbox 1580 727 1615 777; x_wconf 82' lang='lat' dir='ltr'>fi</span> 
     </span>
     <span class='ocr_line' id='line_1_9' title="bbox 210 788 1613 860; baseline 0.009 -27"><span class='ocrx_word' id='word_1_65' title='bbox 210 791 308 834; x_wconf 68' lang='lat' dir='ltr'>non</span> <span class='ocrx_word' id='word_1_66' title='bbox 330 788 469 846; x_wconf 64' lang='lat' dir='ltr'>adest,</span> <span class='ocrx_word' id='word_1_67' title='bbox 511 789 583 836; x_wconf 84' lang='lat' dir='ltr'>vbi</span> <span class='ocrx_word' id='word_1_68' title='bbox 607 790 828 845; x_wconf 85' lang='lat' dir='ltr'>haerebit,</span> <span class='ocrx_word' id='word_1_69' title='bbox 875 791 1055 854; x_wconf 87' lang='lat' dir='ltr'>quando</span> <span class='ocrx_word' id='word_1_70' title='bbox 1078 794 1189 840; x_wconf 86' lang='lat' dir='ltr'>nihil</span> <span class='ocrx_word' id='word_1_71' title='bbox 1209 805 1385 858; x_wconf 89' lang='lat' dir='ltr'>praeter</span> <span class='ocrx_word' id='word_1_72' title='bbox 1405 796 1478 844; x_wconf 90' lang='lat' dir='ltr'>illa</span> <span class='ocrx_word' id='word_1_73' title='bbox 1497 798 1613 860; x_wconf 83' lang='lat' dir='ltr'>sym-</span> 
     </span>
     <span class='ocr_line' id='line_1_10' title="bbox 209 855 1611 928; baseline 0.009 -28"><span class='ocrx_word' id='word_1_74' title='bbox 209 855 316 903; x_wconf 87' lang='lat' dir='ltr'>bola</span> <span class='ocrx_word' id='word_1_75' title='bbox 333 857 657 921; x_wconf 86' lang='lat' dir='ltr'>relinquuntur.</span> <span class='ocrx_word' id='word_1_76' title='bbox 707 861 842 904; x_wconf 89' lang='lat' dir='ltr'>-Non</span> <span class='ocrx_word' id='word_1_77' title='bbox 863 869 982 904; x_wconf 87' lang='lat' dir='ltr'>certe</span> <span class='ocrx_word' id='word_1_78' title='bbox 1002 862 1044 906; x_wconf 90' lang='lat' dir='ltr'>in</span> <span class='ocrx_word' id='word_1_79' title='bbox 1066 862 1162 924; x_wconf 81' lang='lat' dir='ltr'>ipso</span> <span class='ocrx_word' id='word_1_80' title='bbox 1184 865 1492 921; x_wconf 75' lang='lat' dir='ltr'>Sacramenm,</span> <span class='ocrx_word' id='word_1_81' title='bbox 1523 881 1611 928; x_wconf 79' lang='lat' dir='ltr'>qua</span> 
     </span>
     <span class='ocr_line' id='line_1_11' title="bbox 207 921 1611 986; baseline 0.007 -17"><span class='ocrx_word' id='word_1_82' title='bbox 207 922 272 969; x_wconf 83' lang='lat' dir='ltr'>est</span> <span class='ocrx_word' id='word_1_83' title='bbox 290 923 465 972; x_wconf 83' lang='lat' dir='ltr'>diuinae</span> <span class='ocrx_word' id='word_1_84' title='bbox 485 921 779 972; x_wconf 85' lang='lat' dir='ltr'>institutionis.</span> <span class='ocrx_word' id='word_1_85' title='bbox 848 928 969 986; x_wconf 82' lang='lat' dir='ltr'>Ergo</span> <span class='ocrx_word' id='word_1_86' title='bbox 992 927 1295 976; x_wconf 87' lang='lat' dir='ltr'>amandabitur</span> <span class='ocrx_word' id='word_1_87' title='bbox 1316 930 1370 976; x_wconf 87' lang='lat' dir='ltr'>ad</span> <span class='ocrx_word' id='word_1_88' title='bbox 1395 932 1611 980; x_wconf 78' lang='lat' dir='ltr'>sumentis</span> 
     </span>
     <span class='ocr_line' id='line_1_12' title="bbox 183 992 1605 1056; baseline 0.006 -18"><span class='ocrx_word' id='word_1_89' title='bbox 183 1002 185 1004; x_wconf 69' lang='grc'><strong>“</strong></span> <span class='ocrx_word' id='word_1_90' title='bbox 204 994 527 1053; x_wconf 72' lang='lat' dir='ltr'>cogitationem</span> <span class='ocrx_word' id='word_1_91' title='bbox 548 995 687 1056; x_wconf 90' lang='lat' dir='ltr'>piam:</span> <span class='ocrx_word' id='word_1_92' title='bbox 721 1010 771 1039; x_wconf 89' lang='lat' dir='ltr'>ea</span> <span class='ocrx_word' id='word_1_93' title='bbox 791 992 877 1039; x_wconf 90' lang='lat' dir='ltr'>sola</span> <span class='ocrx_word' id='word_1_94' title='bbox 899 992 1018 1041; x_wconf 85' lang='lat' dir='ltr'>dabit</span> <span class='ocrx_word' id='word_1_95' title='bbox 1034 999 1320 1046; x_wconf 83' lang='lat' dir='ltr'>Sacramento</span> <span class='ocrx_word' id='word_1_96' title='bbox 1342 996 1605 1046; x_wconf 83' lang='lat' dir='ltr'>efficaciam:</span> 
     </span>
     <span class='ocr_line' id='line_1_13' title="bbox 201 1058 1604 1128; baseline 0.006 -23"><span class='ocrx_word' id='word_1_97' title='bbox 201 1064 305 1106; x_wconf 72' lang='lat' dir='ltr'>nam</span> <span class='ocrx_word' id='word_1_98' title='bbox 328 1077 382 1107; x_wconf 81' lang='lat' dir='ltr'>ea</span> <span class='ocrx_word' id='word_1_99' title='bbox 404 1061 488 1107; x_wconf 84' lang='lat' dir='ltr'>sola</span> <span class='ocrx_word' id='word_1_100' title='bbox 510 1058 658 1107; x_wconf 82' lang='lat' dir='ltr'>firmat</span> <span class='ocrx_word' id='word_1_101' title='bbox 677 1062 722 1106; x_wconf 88' lang='lat' dir='ltr'>in</span> <span class='ocrx_word' id='word_1_102' title='bbox 742 1060 812 1107; x_wconf 83' lang='lat' dir='ltr'>illa</span> <span class='ocrx_word' id='word_1_103' title='bbox 831 1063 1002 1108; x_wconf 90' lang='lat' dir='ltr'>ratione</span> <span class='ocrx_word' id='word_1_104' title='bbox 1025 1061 1180 1110; x_wconf 86' lang='lat' dir='ltr'>fidem:</span> <span class='ocrx_word' id='word_1_105' title='bbox 1225 1063 1256 1110; x_wconf 81' lang='lat' dir='ltr'>fi</span> <span class='ocrx_word' id='word_1_106' title='bbox 1274 1067 1449 1128; x_wconf 85' lang='lat' dir='ltr'>planius</span> <span class='ocrx_word' id='word_1_107' title='bbox 1473 1065 1604 1122; x_wconf 79' lang='lat' dir='ltr'>dicas,</span> 
     </span>
     <span class='ocr_line' id='line_1_14' title="bbox 202 1125 1602 1190; baseline 0.005 -17"><span class='ocrx_word' id='word_1_108' title='bbox 202 1131 252 1186; x_wconf 78' lang='lat' dir='ltr'>ea</span> <span class='ocrx_word' id='word_1_109' title='bbox 281 1128 419 1174; x_wconf 87' lang='lat' dir='ltr'>habet</span> <span class='ocrx_word' id='word_1_110' title='bbox 446 1125 684 1175; x_wconf 82' lang='lat' dir='ltr'>efficaciam</span> <span class='ocrx_word' id='word_1_111' title='bbox 716 1138 762 1175; x_wconf 86' lang='lat' dir='ltr'>et</span> <span class='ocrx_word' id='word_1_112' title='bbox 786 1130 873 1174; x_wconf 88' lang='lat' dir='ltr'>vim</span> <span class='ocrx_word' id='word_1_113' title='bbox 903 1130 1128 1190; x_wconf 85' lang='lat' dir='ltr'>augendae</span> <span class='ocrx_word' id='word_1_114' title='bbox 1157 1130 1282 1188; x_wconf 86' lang='lat' dir='ltr'>fidei,</span> <span class='ocrx_word' id='word_1_115' title='bbox 1325 1149 1420 1179; x_wconf 90' lang='lat' dir='ltr'>non</span> <span class='ocrx_word' id='word_1_116' title='bbox 1452 1137 1602 1180; x_wconf 85' lang='lat' dir='ltr'>Sacra-</span> 
     </span>
     <span class='ocr_line' id='line_1_15' title="bbox 196 1195 1600 1260; baseline 0.006 -20"><span class='ocrx_word' id='word_1_117' title='bbox 196 1204 419 1252; x_wconf 78' lang='lat' dir='ltr'>mentum,</span> <span class='ocrx_word' id='word_1_118' title='bbox 453 1198 575 1260; x_wconf 92' lang='lat' dir='ltr'>quod</span> <span class='ocrx_word' id='word_1_119' title='bbox 600 1196 710 1242; x_wconf 84' lang='lat' dir='ltr'>nihil</span> <span class='ocrx_word' id='word_1_120' title='bbox 730 1195 858 1250; x_wconf 78' lang='lat' dir='ltr'>aliud,</span> <span class='ocrx_word' id='word_1_121' title='bbox 880 1213 1012 1260; x_wconf 90' lang='lat' dir='ltr'>quam</span> <span class='ocrx_word' id='word_1_122' title='bbox 1035 1197 1270 1247; x_wconf 82' lang='lat' dir='ltr'>admonuit</span> <span class='ocrx_word' id='word_1_123' title='bbox 1290 1198 1600 1258; x_wconf 83' lang='lat' dir='ltr'>Christianum,</span> 
     </span>
     <span class='ocr_line' id='line_1_16' title="bbox 194 1262 903 1324; baseline -0.001 -14"><span class='ocrx_word' id='word_1_124' title='bbox 194 1273 243 1310; x_wconf 87' lang='lat' dir='ltr'>vt</span> <span class='ocrx_word' id='word_1_125' title='bbox 260 1262 395 1310; x_wconf 84' lang='lat' dir='ltr'>fidem</span> <span class='ocrx_word' id='word_1_126' title='bbox 415 1263 658 1324; x_wconf 84' lang='lat' dir='ltr'>cogit-ando</span> <span class='ocrx_word' id='word_1_127' title='bbox 681 1265 903 1309; x_wconf 84' lang='lat' dir='ltr'>excitaret.</span> 
     </span>
    </p>

    <p class='ocr_par' dir='ltr' id='par_1_3' title="bbox 156 1329 1596 2746">
     <span class='ocr_line' id='line_1_17' title="bbox 301 1329 1596 1394; baseline 0.005 -17"><span class='ocrx_word' id='word_1_128' title='bbox 301 1347 373 1390; x_wconf 77' lang='lat'>14.</span> <span class='ocrx_word' id='word_1_129' title='bbox 408 1335 482 1377; x_wconf 87' lang='lat' dir='ltr'>An</span> <span class='ocrx_word' id='word_1_130' title='bbox 501 1348 630 1387; x_wconf 88' lang='lat' dir='ltr'>vero,</span> <span class='ocrx_word' id='word_1_131' title='bbox 661 1329 820 1394; x_wconf 85' lang='lat' dir='ltr'>quaeso</span> <span class='ocrx_word' id='word_1_132' title='bbox 841 1347 999 1377; x_wconf 87' lang='lat' dir='ltr'>omnes</span> <span class='ocrx_word' id='word_1_133' title='bbox 1022 1329 1313 1388; x_wconf 83' lang='lat' dir='ltr'>Christianos,</span> <span class='ocrx_word' id='word_1_134' title='bbox 1345 1336 1596 1382; x_wconf 86' lang='lat' dir='ltr'>Sacramen-</span> 
     </span>
     <span class='ocr_line' id='line_1_18' title="bbox 190 1396 1595 1462; baseline 0.006 -19"><span class='ocrx_word' id='word_1_135' title='bbox 190 1400 615 1445; x_wconf 84' lang='lat' dir='ltr'>torum·reuerentia</span> <span class='ocrx_word' id='word_1_136' title='bbox 635 1396 821 1460; x_wconf 85' lang='lat' dir='ltr'>quadam</span> <span class='ocrx_word' id='word_1_137' title='bbox 843 1397 1037 1444; x_wconf 87' lang='lat' dir='ltr'>imbutos</span> <span class='ocrx_word' id='word_1_138' title='bbox 1050 1436 1060 1456; x_wconf 94' lang='lat'>,</span> <span class='ocrx_word' id='word_1_139' title='bbox 1092 1400 1242 1462; x_wconf 88' lang='lat' dir='ltr'>placet</span> <span class='ocrx_word' id='word_1_140' title='bbox 1258 1404 1595 1451; x_wconf 83' lang='lat' dir='ltr'>Sacramentum</span> 
     </span>
     <span class='ocr_line' id='line_1_19' title="bbox 191 1464 1593 1530; baseline 0.006 -19"><span class='ocrx_word' id='word_1_141' title='bbox 191 1465 373 1522; x_wconf 83' lang='lat' dir='ltr'>Christi,</span> <span class='ocrx_word' id='word_1_142' title='bbox 394 1465 519 1530; x_wconf 90' lang='lat' dir='ltr'>quod</span> <span class='ocrx_word' id='word_1_143' title='bbox 541 1465 682 1529; x_wconf 88' lang='lat' dir='ltr'>ipsum</span> <span class='ocrx_word' id='word_1_144' title='bbox 707 1464 870 1512; x_wconf 90' lang='lat' dir='ltr'>nullam</span> <span class='ocrx_word' id='word_1_145' title='bbox 892 1468 981 1512; x_wconf 87' lang='lat' dir='ltr'>vim</span> <span class='ocrx_word' id='word_1_146' title='bbox 1003 1465 1183 1522; x_wconf 87' lang='lat' dir='ltr'>habeat,</span> <span class='ocrx_word' id='word_1_147' title='bbox 1205 1466 1276 1515; x_wconf 87' lang='lat' dir='ltr'>sed</span> <span class='ocrx_word' id='word_1_148' title='bbox 1295 1467 1347 1514; x_wconf 88' lang='lat' dir='ltr'>ad</span> <span class='ocrx_word' id='word_1_149' title='bbox 1366 1469 1593 1519; x_wconf 82' lang='lat' dir='ltr'>summum</span> 
     </span>
     <span class='ocr_line' id='line_1_20' title="bbox 189 1531 1590 1598; baseline 0.002 -18"><span class='ocrx_word' id='word_1_150' title='bbox 189 1534 383 1596; x_wconf 34' lang='lat' dir='ltr'>accipiat.</span> <span class='ocrx_word' id='word_1_151' title='bbox 397 1533 585 1598; x_wconf 84' lang='lat' dir='ltr'>aliquam</span> <span class='ocrx_word' id='word_1_152' title='bbox 606 1531 660 1579; x_wconf 89' lang='lat' dir='ltr'>ab</span> <span class='ocrx_word' id='word_1_153' title='bbox 680 1533 864 1579; x_wconf 85' lang='lat' dir='ltr'>homine</span> <span class='ocrx_word' id='word_1_154' title='bbox 877 1535 898 1578; x_wconf 69' lang='grc' dir='ltr'>Ῥ</span> <span class='ocrx_word' id='word_1_155' title='bbox 933 1550 1042 1596; x_wconf 87' lang='lat' dir='ltr'>quae</span> <span class='ocrx_word' id='word_1_156' title='bbox 1062 1535 1258 1597; x_wconf 84' lang='lat' dir='ltr'>pendeat</span> <span class='ocrx_word' id='word_1_157' title='bbox 1275 1534 1331 1581; x_wconf 89' lang='lat' dir='ltr'>ab</span> <span class='ocrx_word' id='word_1_158' title='bbox 1353 1539 1445 1583; x_wconf 88' lang='lat' dir='ltr'>eius</span> <span class='ocrx_word' id='word_1_159' title='bbox 1466 1540 1590 1598; x_wconf 86' lang='lat' dir='ltr'>cogi-</span> 
     </span>
     <span class='ocr_line' id='line_1_21' title="bbox 183 1597 1587 1664; baseline 0.004 -18"><span class='ocrx_word' id='word_1_160' title='bbox 183 1603 393 1647; x_wconf 79' lang='lat' dir='ltr'>tatione?</span> <span class='ocrx_word' id='word_1_161' title='bbox 423 1605 537 1648; x_wconf 91' lang='lat' dir='ltr'>Non</span> <span class='ocrx_word' id='word_1_162' title='bbox 557 1597 785 1664; x_wconf 66' lang='lat' dir='ltr'>profesto,</span> <span class='ocrx_word' id='word_1_163' title='bbox 808 1598 884 1646; x_wconf 87' lang='lat' dir='ltr'>nisi</span> <span class='ocrx_word' id='word_1_164' title='bbox 903 1617 976 1646; x_wconf 90' lang='lat' dir='ltr'>me</span> <span class='ocrx_word' id='word_1_165' title='bbox 997 1600 1154 1647; x_wconf 87' lang='lat' dir='ltr'>fallunt</span> <span class='ocrx_word' id='word_1_166' title='bbox 1171 1604 1334 1649; x_wconf 86' lang='lat' dir='ltr'>omnia.</span> <span class='ocrx_word' id='word_1_167' title='bbox 1370 1603 1587 1651; x_wconf 86' lang='lat' dir='ltr'>Acvidea&#39;-</span> 
     </span>
     <span class='ocr_line' id='line_1_22' title="bbox 183 1666 1587 1733; baseline 0.004 -20"><span class='ocrx_word' id='word_1_168' title='bbox 183 1685 304 1721; x_wconf 82' lang='lat' dir='ltr'>muS,</span> <span class='ocrx_word' id='word_1_169' title='bbox 349 1685 461 1730; x_wconf 85' lang='lat' dir='ltr'>quae</span> <span class='ocrx_word' id='word_1_170' title='bbox 481 1685 619 1733; x_wconf 84' lang='lat' dir='ltr'>porro</span> <span class='ocrx_word' id='word_1_171' title='bbox 640 1667 982 1731; x_wconf 86' lang='lat' dir='ltr'>consequantur.</span> <span class='ocrx_word' id='word_1_172' title='bbox 1061 1671 1182 1714; x_wconf 89' lang='lat' dir='ltr'>Nam</span> <span class='ocrx_word' id='word_1_173' title='bbox 1203 1666 1234 1714; x_wconf 85' lang='lat' dir='ltr'>fi</span> <span class='ocrx_word' id='word_1_174' title='bbox 1255 1670 1378 1717; x_wconf 83' lang='lat' dir='ltr'>nulla</span> <span class='ocrx_word' id='word_1_175' title='bbox 1406 1671 1488 1719; x_wconf 84' lang='lat' dir='ltr'>alia</span> <span class='ocrx_word' id='word_1_176' title='bbox 1518 1673 1587 1718; x_wconf 73' lang='lat' dir='ltr'>vis</span> 
     </span>
     <span class='ocr_line' id='line_1_23' title="bbox 183 1733 1583 1802; baseline 0.004 -21"><span class='ocrx_word' id='word_1_177' title='bbox 183 1733 245 1782; x_wconf 87' lang='lat' dir='ltr'>est</span> <span class='ocrx_word' id='word_1_178' title='bbox 267 1740 309 1781; x_wconf 88' lang='lat' dir='ltr'>in</span> <span class='ocrx_word' id='word_1_179' title='bbox 331 1735 408 1781; x_wconf 89' lang='lat' dir='ltr'>illo</span> <span class='ocrx_word' id='word_1_180' title='bbox 430 1738 739 1787; x_wconf 74' lang='lat' dir='ltr'>sacramento,</span> <span class='ocrx_word' id='word_1_181' title='bbox 775 1751 910 1798; x_wconf 87' lang='lat' dir='ltr'>quam</span> <span class='ocrx_word' id='word_1_182' title='bbox 939 1734 1035 1780; x_wconf 89' lang='lat' dir='ltr'>talis</span> <span class='ocrx_word' id='word_1_183' title='bbox 1064 1734 1401 1784; x_wconf 84' lang='lat' dir='ltr'>admonitionis:</span> <span class='ocrx_word' id='word_1_184' title='bbox 1450 1755 1583 1802; x_wconf 85' lang='lat' dir='ltr'>quor·</span> 
     </span>
     <span class='ocr_line' id='line_1_24' title="bbox 181 1799 1581 1869; baseline 0.001 -18"><span class='ocrx_word' id='word_1_185' title='bbox 181 1805 276 1851; x_wconf 86' lang='lat' dir='ltr'>sum</span> <span class='ocrx_word' id='word_1_186' title='bbox 298 1801 550 1850; x_wconf 85' lang='lat' dir='ltr'>institutum</span> <span class='ocrx_word' id='word_1_187' title='bbox 571 1802 772 1848; x_wconf 87' lang='lat' dir='ltr'>dicemus</span> <span class='ocrx_word' id='word_1_188' title='bbox 793 1819 817 1848; x_wconf 85' lang='lat' dir='ltr'>a</span> <span class='ocrx_word' id='word_1_189' title='bbox 836 1799 1041 1848; x_wconf 85' lang='lat' dir='ltr'>Christo?</span> <span class='ocrx_word' id='word_1_190' title='bbox 1083 1808 1153 1849; x_wconf 91' lang='lat' dir='ltr'>An</span> <span class='ocrx_word' id='word_1_191' title='bbox 1177 1803 1291 1850; x_wconf 87' lang='lat' dir='ltr'>aliud</span> <span class='ocrx_word' id='word_1_192' title='bbox 1313 1806 1358 1850; x_wconf 89' lang='lat' dir='ltr'>in</span> <span class='ocrx_word' id='word_1_193' title='bbox 1382 1822 1436 1851; x_wconf 89' lang='lat' dir='ltr'>eo</span> <span class='ocrx_word' id='word_1_194' title='bbox 1459 1809 1581 1869; x_wconf 64' lang='lat' dir='ltr'>quic«.</span> 
     </span>
     <span class='ocr_line' id='line_1_25' title="bbox 177 1865 1581 1935; baseline 0.004 -18"><span class='ocrx_word' id='word_1_195' title='bbox 177 1886 309 1935; x_wconf 88' lang='lat' dir='ltr'>quam</span> <span class='ocrx_word' id='word_1_196' title='bbox 339 1872 441 1925; x_wconf 87' lang='lat' dir='ltr'>erit,</span> <span class='ocrx_word' id='word_1_197' title='bbox 486 1887 618 1934; x_wconf 84' lang='lat' dir='ltr'>quam</span> <span class='ocrx_word' id='word_1_198' title='bbox 646 1865 815 1922; x_wconf 72' lang='grc' dir='ltr'><strong><em>αἐθενές</em></strong></span> <span class='ocrx_word' id='word_1_199' title='bbox 834 1866 906 1927; x_wconf 62' lang='grc' dir='ltr'>καὶ</span> <span class='ocrx_word' id='word_1_200' title='bbox 937 1866 1115 1931; x_wconf 72' lang='grc' dir='ltr'><em>πτωχδν</em></span> <span class='ocrx_word' id='word_1_201' title='bbox 1139 1872 1346 1934; x_wconf 72' lang='grc' dir='ltr'><em>ςοιχεῖον,</em></span> <span class='ocrx_word' id='word_1_202' title='bbox 1383 1882 1503 1920; x_wconf 84' lang='lat' dir='ltr'>tenue</span> <span class='ocrx_word' id='word_1_203' title='bbox 1536 1884 1581 1922; x_wconf 79' lang='lat' dir='ltr'>et</span> 
     </span>
     <span class='ocr_line' id='line_1_26' title="bbox 176 1937 1577 1998; baseline 0.002 -12"><span class='ocrx_word' id='word_1_204' title='bbox 176 1941 262 1986; x_wconf 85' lang='lat' dir='ltr'>leue</span> <span class='ocrx_word' id='word_1_205' title='bbox 282 1942 540 1994; x_wconf 81' lang='lat' dir='ltr'>elementum,</span> <span class='ocrx_word' id='word_1_206' title='bbox 572 1948 619 1984; x_wconf 89' lang='lat' dir='ltr'>vt</span> <span class='ocrx_word' id='word_1_207' title='bbox 642 1937 816 1984; x_wconf 80' lang='lat' dir='ltr'>Paullus</span> <span class='ocrx_word' id='word_1_208' title='bbox 838 1941 946 1984; x_wconf 86' lang='lat' dir='ltr'>ritus</span> <span class='ocrx_word' id='word_1_209' title='bbox 971 1942 1020 1982; x_wconf 87' lang='lat' dir='ltr'>V.</span> <span class='ocrx_word' id='word_1_210' title='bbox 1042 1942 1098 1984; x_wconf 89' lang='lat' dir='ltr'>T.</span> <span class='ocrx_word' id='word_1_211' title='bbox 1119 1950 1270 1994; x_wconf 89' lang='lat' dir='ltr'>vocat,</span> <span class='ocrx_word' id='word_1_212' title='bbox 1307 1941 1411 1986; x_wconf 88' lang='lat' dir='ltr'>Gal.</span> <span class='ocrx_word' id='word_1_213' title='bbox 1444 1959 1495 1997; x_wconf 87' lang='lat'>4,</span> <span class='ocrx_word' id='word_1_214' title='bbox 1532 1958 1577 1998; x_wconf 51' lang='lat'>9.¹</span> 
     </span>
     <span class='ocr_line' id='line_1_27' title="bbox 172 2000 1578 2070; baseline 0.001 -18"><span class='ocrx_word' id='word_1_215' title='bbox 172 2007 266 2053; x_wconf 83' lang='lat' dir='ltr'>hoc</span> <span class='ocrx_word' id='word_1_216' title='bbox 285 2003 377 2061; x_wconf 82' lang='lat' dir='ltr'>est‚&#39;</span> <span class='ocrx_word' id='word_1_217' title='bbox 401 2000 762 2065; x_wconf 79' lang='lat' dir='ltr'>exercitationem</span> <span class='ocrx_word' id='word_1_218' title='bbox 784 2003 1069 2060; x_wconf 88' lang='lat' dir='ltr'>admonendi,</span> <span class='ocrx_word' id='word_1_219' title='bbox 1113 2017 1413 2070; x_wconf 75' lang='lat' dir='ltr'>comparatam</span> <span class='ocrx_word' id='word_1_220' title='bbox 1431 2006 1578 2054; x_wconf 78' lang='lat' dir='ltr'>infan-&#39;</span> 
     </span>
     <span class='ocr_line' id='line_1_28' title="bbox 171 2070 1570 2137; baseline 0.001 -16"><span class='ocrx_word' id='word_1_221' title='bbox 171 2075 258 2121; x_wconf 86' lang='lat' dir='ltr'>tiae</span> <span class='ocrx_word' id='word_1_222' title='bbox 279 2072 546 2121; x_wconf 70' lang='lat' dir='ltr'>Christianae</span> <span class='ocrx_word' id='word_1_223' title='bbox 567 2070 802 2128; x_wconf 70' lang='lat' dir='ltr'>Ecclesiae,</span> <span class='ocrx_word' id='word_1_224' title='bbox 832 2090 917 2136; x_wconf 86' lang='lat' dir='ltr'>qua</span> <span class='ocrx_word' id='word_1_225' title='bbox 939 2089 1031 2118; x_wconf 86' lang='lat' dir='ltr'>non</span> <span class='ocrx_word' id='word_1_226' title='bbox 1054 2070 1103 2119; x_wconf 82' lang='lat' dir='ltr'>sit</span> <span class='ocrx_word' id='word_1_227' title='bbox 1125 2090 1240 2137; x_wconf 89' lang='lat' dir='ltr'>opus</span> <span class='ocrx_word' id='word_1_228' title='bbox 1259 2072 1437 2131; x_wconf 77' lang='lat' dir='ltr'>adultis,</span> <span class='ocrx_word' id='word_1_229' title='bbox 1467 2074 1510 2121; x_wconf 90' lang='lat' dir='ltr'>h.</span> <span class='ocrx_word' id='word_1_230' title='bbox 1531 2092 1570 2123; x_wconf 62' lang='lat' dir='ltr'>e⁶</span> 
     </span>
     <span class='ocr_line' id='line_1_29' title="bbox 168 2139 1573 2206; baseline 0 -18"><span class='ocrx_word' id='word_1_231' title='bbox 168 2140 396 2198; x_wconf 77' lang='lat' dir='ltr'>fidelibus,</span> <span class='ocrx_word' id='word_1_232' title='bbox 429 2143 504 2206; x_wconf 88' lang='lat' dir='ltr'>qui</span> <span class='ocrx_word' id='word_1_233' title='bbox 522 2141 686 2188; x_wconf 85' lang='lat' dir='ltr'>adsueti</span> <span class='ocrx_word' id='word_1_234' title='bbox 707 2139 787 2185; x_wconf 79' lang='lat' dir='ltr'>sint</span> <span class='ocrx_word' id='word_1_235' title='bbox 810 2139 1066 2187; x_wconf 83' lang='lat' dir='ltr'>melioribus</span> <span class='ocrx_word' id='word_1_236' title='bbox 1083 2150 1128 2187; x_wconf 91' lang='lat' dir='ltr'>et</span> <span class='ocrx_word' id='word_1_237' title='bbox 1148 2140 1342 2187; x_wconf 82' lang='lat' dir='ltr'>virilibus</span> <span class='ocrx_word' id='word_1_238' title='bbox 1363 2143 1573 2189; x_wconf 50' lang='lat' dir='ltr'>exercit&amp;</span> 
     </span>
     <span class='ocr_line' id='line_1_30' title="bbox 167 2207 1570 2269; baseline 0 -14"><span class='ocrx_word' id='word_1_239' title='bbox 167 2209 364 2256; x_wconf 88' lang='lat' dir='ltr'>tionibus</span> <span class='ocrx_word' id='word_1_240' title='bbox 384 2209 562 2269; x_wconf 81' lang='lat' dir='ltr'>legendi</span> <span class='ocrx_word' id='word_1_241' title='bbox 581 2219 626 2256; x_wconf 88' lang='lat' dir='ltr'>et</span> <span class='ocrx_word' id='word_1_242' title='bbox 645 2207 864 2269; x_wconf 88' lang='lat' dir='ltr'>cogitandi</span> <span class='ocrx_word' id='word_1_243' title='bbox 889 2209 1129 2268; x_wconf 86' lang='lat' dir='ltr'>Euangelii,</span> <span class='ocrx_word' id='word_1_244' title='bbox 1163 2225 1247 2255; x_wconf 90' lang='lat' dir='ltr'>nec</span> <span class='ocrx_word' id='word_1_245' title='bbox 1264 2208 1570 2269; x_wconf 69' lang='lat' dir='ltr'>indigentibus</span> 
     </span>
     <span class='ocr_line' id='line_1_31' title="bbox 165 2275 1566 2340; baseline -0.001 -16"><span class='ocrx_word' id='word_1_246' title='bbox 165 2278 243 2324; x_wconf 84' lang='lat' dir='ltr'>tali</span> <span class='ocrx_word' id='word_1_247' title='bbox 261 2277 597 2338; x_wconf 77' lang='lat' dir='ltr'>admonitione?</span> <span class='ocrx_word' id='word_1_248' title='bbox 629 2277 740 2332; x_wconf 86' lang='lat' dir='ltr'>Quis</span> <span class='ocrx_word' id='word_1_249' title='bbox 753 2292 860 2322; x_wconf 84' lang='lat' dir='ltr'>vero</span> <span class='ocrx_word' id='word_1_250' title='bbox 879 2277 964 2322; x_wconf 86' lang='lat' dir='ltr'>iam</span> <span class='ocrx_word' id='word_1_251' title='bbox 987 2275 1566 2340; x_wconf 81' lang='lat' dir='ltr'>reprehendatS&#39;ocinianos,</span> 
     </span>
     <span class='ocr_line' id='line_1_32' title="bbox 164 2341 1565 2408; baseline 0.001 -19"><span class='ocrx_word' id='word_1_252' title='bbox 164 2345 265 2408; x_wconf 85' lang='lat' dir='ltr'>qui,</span> <span class='ocrx_word' id='word_1_253' title='bbox 297 2345 350 2392; x_wconf 88' lang='lat' dir='ltr'>ab</span> <span class='ocrx_word' id='word_1_254' title='bbox 371 2344 441 2391; x_wconf 88' lang='lat' dir='ltr'>illa</span> <span class='ocrx_word' id='word_1_255' title='bbox 462 2344 743 2404; x_wconf 70' lang='lat' dir='ltr'>Zwingliana</span> <span class='ocrx_word' id='word_1_256' title='bbox 764 2344 978 2405; x_wconf 89' lang='lat' dir='ltr'>opinione</span> <span class='ocrx_word' id='word_1_257' title='bbox 1010 2341 1219 2406; x_wconf 69' lang='lat' dir='ltr'>profeffl,</span> <span class='ocrx_word' id='word_1_258' title='bbox 1252 2353 1315 2398; x_wconf 90' lang='lat' dir='ltr'>et,</span> <span class='ocrx_word' id='word_1_259' title='bbox 1336 2342 1438 2407; x_wconf 90' lang='lat' dir='ltr'>quid</span> <span class='ocrx_word' id='word_1_260' title='bbox 1458 2359 1565 2390; x_wconf 83' lang='lat' dir='ltr'>con-</span> 
     </span>
     <span class='ocr_line' id='line_1_33' title="bbox 161 2410 1561 2474; baseline 0.001 -17"><span class='ocrx_word' id='word_1_261' title='bbox 161 2412 349 2474; x_wconf 81' lang='lat' dir='ltr'>sequens</span> <span class='ocrx_word' id='word_1_262' title='bbox 389 2410 515 2468; x_wconf 78' lang='lat' dir='ltr'>esset,</span> <span class='ocrx_word' id='word_1_263' title='bbox 565 2413 885 2474; x_wconf 84' lang='lat' dir='ltr'>percipientes,</span> <span class='ocrx_word' id='word_1_264' title='bbox 933 2411 1098 2457; x_wconf 87' lang='lat' dir='ltr'>nullam</span> <span class='ocrx_word' id='word_1_265' title='bbox 1136 2412 1248 2457; x_wconf 85' lang='lat' dir='ltr'>illius</span> <span class='ocrx_word' id='word_1_266' title='bbox 1290 2412 1561 2459; x_wconf 85' lang='lat' dir='ltr'>Sacramenti</span> 
     </span>
     <span class='ocr_line' id='line_1_34' title="bbox 159 2476 1559 2544; baseline -0.001 -18"><span class='ocrx_word' id='word_1_267' title='bbox 159 2479 396 2544; x_wconf 85' lang='lat' dir='ltr'>vsurpandi</span> <span class='ocrx_word' id='word_1_268' title='bbox 418 2480 715 2527; x_wconf 66' lang='lat' dir='ltr'>necessitatem</span> <span class='ocrx_word' id='word_1_269' title='bbox 737 2476 820 2523; x_wconf 77' lang='lat' dir='ltr'>effe</span> <span class='ocrx_word' id='word_1_270' title='bbox 840 2477 1140 2535; x_wconf 86' lang='lat' dir='ltr'>contendunt,</span> <span class='ocrx_word' id='word_1_271' title='bbox 1179 2489 1225 2525; x_wconf 89' lang='lat' dir='ltr'>et</span> <span class='ocrx_word' id='word_1_272' title='bbox 1253 2476 1440 2524; x_wconf 88' lang='lat' dir='ltr'>liberum</span> <span class='ocrx_word' id='word_1_273' title='bbox 1467 2480 1559 2525; x_wconf 90' lang='lat' dir='ltr'>cui-</span> 
     </span>
     <span class='ocr_line' id='line_1_35' title="bbox 158 2536 1556 2610; baseline 0 -18"><span class='ocrx_word' id='word_1_274' title='bbox 158 2563 250 2610; x_wconf 87' lang='lat' dir='ltr'>que</span> <span class='ocrx_word' id='word_1_275' title='bbox 269 2548 548 2610; x_wconf 85' lang='lat' dir='ltr'>relinquunt,</span> <span class='ocrx_word' id='word_1_276' title='bbox 588 2536 649 2592; x_wconf 82' lang='lat' dir='ltr'>v&#39;ti</span> <span class='ocrx_word' id='word_1_277' title='bbox 671 2564 726 2592; x_wconf 90' lang='lat' dir='ltr'>eo</span> <span class='ocrx_word' id='word_1_278' title='bbox 748 2546 853 2592; x_wconf 84' lang='lat' dir='ltr'>velit</span> <span class='ocrx_word' id='word_1_279' title='bbox 875 2563 957 2592; x_wconf 90' lang='lat' dir='ltr'>nec</span> <span class='ocrx_word' id='word_1_280' title='bbox 980 2547 1068 2592; x_wconf 86' lang='lat' dir='ltr'>ne?</span> <span class='ocrx_word' id='word_1_281' title='bbox 1134 2557 1210 2592; x_wconf 88' lang='lat' dir='ltr'>aut</span> <span class='ocrx_word' id='word_1_282' title='bbox 1228 2547 1322 2610; x_wconf 84' lang='lat' dir='ltr'>quis</span> <span class='ocrx_word' id='word_1_283' title='bbox 1341 2545 1426 2591; x_wconf 88' lang='lat' dir='ltr'>iam</span> <span class='ocrx_word' id='word_1_284' title='bbox 1444 2543 1556 2592; x_wconf 86' lang='lat' dir='ltr'>indi-</span> 
     </span>
     <span class='ocr_line' id='line_1_36' title="bbox 156 2611 1553 2676; baseline 0.001 -18"><span class='ocrx_word' id='word_1_285' title='bbox 156 2620 320 2674; x_wconf 85' lang='lat' dir='ltr'>gnetur</span> <span class='ocrx_word' id='word_1_286' title='bbox 347 2617 590 2669; x_wconf 84' lang='lat' dir='ltr'>Fanaticis,</span> <span class='ocrx_word' id='word_1_287' title='bbox 641 2615 718 2676; x_wconf 84' lang='lat' dir='ltr'>qui</span> <span class='ocrx_word' id='word_1_288' title='bbox 757 2613 800 2660; x_wconf 89' lang='lat' dir='ltr'>se</span> <span class='ocrx_word' id='word_1_289' title='bbox 830 2630 977 2659; x_wconf 86' lang='lat' dir='ltr'>carere</span> <span class='ocrx_word' id='word_1_290' title='bbox 1006 2611 1128 2676; x_wconf 78' lang='lat' dir='ltr'>posse</span> <span class='ocrx_word' id='word_1_291' title='bbox 1155 2614 1242 2659; x_wconf 87' lang='lat' dir='ltr'>hoe</span> <span class='ocrx_word' id='word_1_292' title='bbox 1270 2615 1553 2660; x_wconf 81' lang='lat' dir='ltr'>sacramento</span> 
     </span>
     <span class='ocr_line' id='line_1_37' title="bbox 156 2678 1553 2746; baseline -0.001 -19"><span class='ocrx_word' id='word_1_293' title='bbox 156 2679 335 2740; x_wconf 73' lang='lat' dir='ltr'>iastant‚</span> <span class='ocrx_word' id='word_1_294' title='bbox 378 2682 612 2745; x_wconf 83' lang='lat' dir='ltr'>laetarique</span> <span class='ocrx_word' id='word_1_295' title='bbox 634 2682 677 2729; x_wconf 88' lang='lat' dir='ltr'>se</span> <span class='ocrx_word' id='word_1_296' title='bbox 707 2680 879 2736; x_wconf 85' lang='lat' dir='ltr'>dicunt,</span> <span class='ocrx_word' id='word_1_297' title='bbox 925 2679 1044 2746; x_wconf 86' lang='lat' dir='ltr'>quod</span> <span class='ocrx_word' id='word_1_298' title='bbox 1070 2683 1127 2728; x_wconf 87' lang='lat' dir='ltr'>ita</span> <span class='ocrx_word' id='word_1_299' title='bbox 1158 2678 1459 2744; x_wconf 83' lang='lat' dir='ltr'>profecerint,</span> <span class='ocrx_word' id='word_1_300' title='bbox 1502 2689 1553 2726; x_wconf 85' lang='lat' dir='ltr'>vt</span> 
     </span>
    </p>
   </div>
   <div class='ocr_carea' id='block_1_3' title="bbox 1470 2742 1548 2793">
    <p class='ocr_par' dir='ltr' id='par_1_4' title="bbox 1470 2742 1548 2793">
     <span class='ocr_line' id='line_1_38' title="bbox 1470 2742 1548 2793; baseline 0 -1"><span class='ocrx_word' id='word_1_301' title='bbox 1470 2742 1548 2793; x_wconf 84' lang='lat' dir='ltr'>fibi</span> 
     </span>
    </p>
   </div>
  </div>
 </body>
</html>
