1682 3068
423 156 486 188 ΙΝ
523 154 821 188 RELIGIONE
850 154 1278 188 consrl'rvnmA
1447 151 1542 202 259

134 265 335 315 mxima
350 265 532 330 petitur.
554 291 560 295 <
598 265 704 309 Nec
721 259 900 309 difficile
919 260 993 317 est,
1015 263 1092 310 hic
1109 262 1356 323 intelligere
1372 261 1540 325 sapien·

146 336 255 381 tiam
283 332 491 380 diuinam.
586 333 710 377 Nam
738 346 841 376 cum
867 346 1025 391 magna
1050 341 1098 378 et
1122 327 1409 378 efficaciffima
1441 346 1543 394 pare

149 401 375 462 religionis
393 410 439 445 et
453 397 597 450 cultus
618 397 757 444 diuini
775 395 827 443 fit
844 399 890 443 in
910 415 1064 444 amore
1082 401 1191 454 eius,
1212 400 1337 445 cuius
1356 399 1543 444 nomine

147 473 274 518 Deus
292 463 478 515 subinde
487 466 637 512 omnia
654 465 877 526 religionis
890 463 1368 529 officiacompleffltur,
1386 467 1543 512 acuius

146 534 277 595 sonte
292 534 423 580 etiam
453 534 683 593 integritas
706 544 752 579 et
771 534 931 579 veritas
964 531 1240 579 obedientiae
1264 534 1416 594 legum
1435 530 1547 580 diui-

115 628 123 639 ·
145 614 303 649 narum
324 601 517 655 ducitur,
547 611 751 664 apparet,
782 600 1001 665 sapienter
1019 598 1078 645 fic
1095 598 1179 646 effe
1197 604 1418 648 rationem
1439 599 1546 648 salu-

144 671 208 716 tis
225 668 564 734 consequendae
583 666 882 725 constitutam,
901 679 951 715 vt
968 670 1015 714 in
1035 683 1086 714 ea
1106 667 1191 731 ipsa
1206 667 1312 715 effet
1323 668 1548 716 adiumen-

147 745 250 784 tum
267 746 314 783 et
330 738 669 793 incitamentum
691 737 837 782 omnis
859 738 1040 800 pietatis
1060 747 1108 782 et
1130 732 1280 782 officii.

247 820 325 866 75.
364 809 471 852 Nec
484 804 634 851 minus
654 804 822 851 clarum
841 802 924 861 est,
966 822 1014 850 ea
1034 804 1205 850 ratione
1227 813 1392 850 certam
1420 814 1466 851 et
1493 802 1547 850 ab

145 873 273 920 omni
290 871 570 920 dubitatione
589 870 776 919 liberam
796 869 893 918 fieri
914 871 1034 936 spem
1051 871 1210 918 salutis.
1280 874 1401 917 Nam
1424 870 1549 935 quod

145 939 322 986 Paullus
341 938 471 997 dicit,
517 937 575 985 sic
594 935 844 986 institutum
862 937 948 985 effe
967 957 991 985 a
1010 943 1132 993 Deo,
1167 950 1215 985 vt
1237 938 1349 985 salus
1374 941 1547 985 contin·

146 1018 275 1068 geret
292 1005 417 1058 καταῖ
434 1004 588 1072 χσίςιν,
617 1007 809 1069 beneficio
830 1024 877 1054 ac
894 1012 1019 1063 dono,
1054 1023 1145 1071 quo
1165 1004 1339 1067 βεβαία
1357 1005 1380 1061 ἦ
1400 1008 1546 1069 ἐπαγ·

135 1074 297 1137 yemis,
315 1074 451 1136 firma
465 1077 678 1137 prormffio
697 1072 960 1131 efficeretur,
990 1073 1035 1120 id
1052 1092 1123 1121 res
1142 1078 1273 1122 etiam
1295 1075 1385 1139 ipsa
1403 1074 1548 1121 decla·

146 1154 228 1188 rat.
294 1146 415 1190 Nam
435 1145 537 1208 quia
554 1141 783 1207 promiffio
795 1146 882 1189 Dei
897 1143 985 1206 ipsa
1004 1140 1238 1190 necessario
1258 1160 1360 1189 vera
1377 1153 1423 1189 et
1432 1152 1550 1192 certa

120 1232 122 1234 ’
149 1207 231 1266 est,
267 1209 482 1274 sequitur,
512 1209 543 1257 fi
564 1212 604 1256 ei
625 1211 738 1257 nihil
754 1208 1011 1258 adiunstum
1033 1209 1085 1257 fit
1108 1210 1397 1266 conditionis,
1421 1210 1548 1274 quod

148 1287 365 1325 euentum
382 1280 477 1324 eius
495 1276 681 1325 dubium
702 1278 887 1324 reddere
913 1277 1068 1341 poffit,
1106 1296 1288 1326 omnem
1310 1278 1548 1326 dubitatio·

146 1360 256 1391 nem
274 1362 302 1390 e
321 1342 542 1392 mentibus
560 1344 766 1392 humanis
791 1345 989 1400 excludi;
1055 1347 1178 1408 quod
1205 1347 1326 1393 secus
1343 1345 1481 1402 foret,
1518 1343 1550 1393 fi

149 1422 309 1458 contra
329 1409 448 1459 effet.
546 1415 723 1459 Etenim
747 1410 776 1458 fi
805 1411 1025 1473 fingamus
1045 1415 1085 1458 ei
1104 1413 1378 1477 promissioni
1401 1412 1550 1460 adiun-

125 1500 129 1501 ⁷
154 1475 275 1525 &um
294 1476 403 1536 effe,·
440 1495 535 1526 non
553 1479 666 1536 hoc,
712 1479 831 1542 quod
853 1491 948 1526 erat
967 1482 1013 1527 in
1033 1480 1318 1546 promiffione
1339 1481 1472 1542 legis,
1500 1491 1550 1529 vt

151 1545 365 1594 omnibus
378 1549 574 1597 numeris
596 1546 788 1611 perfeila
800 1545 1055 1595 obedientia
1074 1549 1160 1609 legi
1172 1548 1347 1596 diuinae
1365 1547 1550 1614 praesta·

123 1634 130 1639 ‘
149 1624 296 1669 retur,
327 1613 400 1660 sed
417 1615 524 1662 illud
547 1614 705 1670 modo,
724 1616 849 1673 quod
869 1614 923 1661 ad
941 1616 1085 1662 salutis
1105 1617 1227 1681 spem
1245 1618 1413 1664 certam
1431 1613 1549 1663 suffi-

150 1681 433 1733 eerevolunt
452 1680 964 1743 necess‘ariaereligionis
983 1682 1256 1741 defensores,
1298 1695 1369 1741 vt,
1410 1701 1548 1748 quan·

147 1750 247 1797 tum
265 1751 449 1814 quisque
461 1748 618 1815 pulset,
639 1747 831 1814 essetque
846 1748 1036 1814 positum
1060 1753 1106 1798 in
1127 1753 1195 1799 his
1214 1752 1375 1799 viribus
1396 1753 1547 1799 huma-

149 1818 250 1872 nis,-
267 1827 442 1864 tantum
464 1820 511 1865 in
531 1816 783 1866 obediendo
809 1817 954 1865 fieret:
1001 1819 1169 1867 clarum
1189 1817 1261 1874 fit,
1296 1819 1407 1867 nihil
1437 1821 1550 1867 certi

149 1876 237 1932 effe
256 1883 381 1948 poffe
400 1886 445 1931 in
465 1886 542 1950 spe
556 1885 727 1946 salutis3
764 1897 1013 1951 propterea,
1046 1888 1168 1952 quod
1187 1904 1419 1952 nunquam
1441 1905 1549 1934 con-

128 1950 291 1999 fidere
309 1954 541 2016 quisquam
562 1951 706 2017 potest
724 1969 773 1999 ac
790 1965 916 2001 certo
946 1955 1076 2010 scire,
1120 1955 1163 2002 se
1191 1967 1365 2003 tantum
1390 1954 1550 2012 feciss‘e,

151 2027 372 2082 quantum
387 2017 541 2083 poss'et.
639 2018 712 2067 Est
730 2027 851 2068 enim
871 2032 1021 2069 totum
1044 2023 1133 2069 hoc
1154 2022 1365 2070 iudicium
1392 2039 1476 2087 per
1507 2023 1551 2068 se

149 2087 397 2139 incertum,
433 2101 480 2132 et
496 2086 606 2133 nihil
628 2084 712 2144 est,
746 2088 871 2152 quod
889 2089 965 2136 det
984 2090 1240 2137 facultatem
1265 2107 1366 2137 cum
1389 2090 1550 2136 fiducia

135 2150 395 2200 iudicandi:
450 2169 536 2200 nec
565 2156 821 2218 quisquam,
869 2156 944 2203 etsi
976 2159 1171 2222 optimae
1201 2158 1442 2204 voluntatis
1471 2155 1550 2205 fibi

149 2237 257 2268 vere
275 2220 502 2275 conscius,
537 2219 617 2268 nifi
638 2221 762 2268 valde
782 2220 859 2270 fibi
876 2222 1131 2279 affentetur,
1158 2236 1235 2272 aut
1252 2237 1422 2271 temere
1440 2224 1549 2272 iudi-

143 2305 253 2336 care
273 2288 401 2343 velit,
431 2289 502 2334 vel
523 2286 697 2350 lingulis
717 2288 867 2337 diebus
889 2292 1019 2354 poffi't
1038 2304 1161 2339 certo
1181 2292 1310 2347 scire,
1336 2291 1379 2338 se
1401 2291 1549 2341 feciss'e

148 2365 369 2421 quantum
391 2358 610 2419 potuerit,
643 2373 728 2403 nec
747 2357 1005 2406 commifiss‘e
1025 2358 1185 2422 aliquid
1198 2397 1208 2415 ,
1237 2363 1365 2407 cuius
1386 2359 1551 2408 vitandi

147 2423 336 2472 facultas
363 2422 521 2479 fuerit,
558 2435 633 2470 aut
651 2425 905 2485 neglexiffe‚
951 2427 1073 2491 quod
1099 2427 1244 2473 facere
1263 2426 1466 2475 debuerit
1497 2445 1548 2475 ac

148 2493 359 2556 potuerit.
394 2493 547 2554 Itaque
566 2487 595 2536 fi
611 2507 665 2536 ex
686 2491 776 2538 hoc
798 2492 961 2540 iudicio
983 2494 1180 2558 suspensa
1199 2493 1304 2543 effet
1326 2495 1422 2560 spes
1445 2496 1548 2543 salu·

149 2561 220 2615 tis,
252 2570 298 2606 et
318 2570 506 2605 euentus
525 2557 822 2622 promiffionis
839 2559 1013 2608 diuinae
1021 2578 1036 2623 3
1070 2561 1292 2620 videmus,
1326 2566 1401 2628 qui
1423 2565 1550 2611 locus

148 2623 279 2676 fieret
301 2626 645 2675 sollicitudinum
664 2638 711 2674 et
730 2643 952 2689 angorum
973 2631 1020 2676 in
1037 2647 1088 2677 re
1108 2647 1179 2689 ea,
1210 2633 1258 2678 in
1280 2649 1365 2697 qua
1384 2632 1549 2679 habere

861 2699 901 2744 R
932 2713 957 2744 a
1459 2702 1550 2746 ani-
