1682 3068
227 137 329 200 486
590 133 654 182 mr
693 131 995 181 nnn-rui
1028 149 1250 184 :nexunt

1679 121 1682 199 i

168 270 171 277 “
233 257 409 307 sensere
430 264 476 303 et
499 254 712 311 adiutore,
743 258 790 302 in
820 257 889 304 his
917 259 1053 315 terris,
1088 260 1198 305 etin
1217 254 1405 304 Ecclesia
1422 258 1630 307 reuixere.

237 329 297 373 Et
318 335 410 372 erat
428 335 546 372 tanta
576 326 668 371 eius
697 326 743 371 in
763 341 815 370 ea
833 342 882 372 re
914 341 1031 383 cura,
1059 336 1107 372 vt
1128 327 1255 372 etiam
1276 325 1632 374 inuidiamcaue-
1681 320 1682 376 f

238 404 332 449 ret,
362 409 475 456 quae
511 394 559 438 iis
588 409 668 456 per
695 389 932 440 caussarum
963 394 1243 440 fortuitarum
1275 390 1548 440 occasionem
1575 391 1631 440 ab
1681 388 1682 412 ³

233 458 426 508 indoffls
457 471 502 506 et
523 461 694 519 ignauis
726 457 906 508 conflari
929 457 1084 524 posset,
1120 477 1224 507 cum
1253 461 1381 507 multi
1403 458 1554 514 essent,
1586 470 1634 506 vt

235 527 383 576 scribit
404 528 457 575 ad
479 530 750 589 Spalatinum,
785 528 839 574 de
873 527 1103 586 methodo,
1136 525 1333 575 studiosis
1352 528 1634 588 Theologiae

237 598 285 643 in
306 596 432 642 sacris
455 596 593 641 literis
624 594 810 643 discendi
841 594 1070 658 sequenda,
1103 597 1181 659 qui
1203 597 1330 642 omni
1350 593 1493 642 studio
1514 611 1636 642 oeca-

237 662 409 711 {ionem
431 674 695 727 quaererent
715 662 767 709 ad
795 663 1061 710 calumniam
1080 662 1207 710 bonis
1227 664 1378 709 literis,
1398 659 1432 720 f)
1467 665 1518 709 In
1538 679 1635 726 quo

237 732 324 787 ille,
361 744 411 778 vt
430 734 476 778 in
500 731 591 777 aliis
612 731 755 784 rebuS,
787 731 980 778 multum
999 730 1117 777 vidit.
1186 735 1309 777 Nam
1328 730 1441 793 haec
1458 729 1639 789 libertas

238 800 454 859 religiosa,
480 799 603 845 cuius
623 797 912 845 restituendae
933 810 979 846 et
1009 796 1293 845 vindicandae
1313 795 1546 849 austorem·
1561 796 1640 844 ha-

241 867 341 915 buit
361 864 546 914 Ecclesia
565 867 808 920 Lutlzerum,
841 862 933 911 fine
953 869 1110 913 harum
1139 865 1360 912 literarum
1380 863 1526 912 studiis
1544 859 1641 912 non
1662 890 1666 899 -›

236 936 378 994 magis
397 935 543 981 teneri
565 944 611 980 et
633 932 834 980 aduersus
855 931 1018 979 arbitrii
1035 935 1217 980 humani
1238 931 1466 984 libidinem
1487 949 1538 979 ac
1556 931 1644 980 fin-

238 1001 373 1064 gendi
394 1003 630 1053 licentiam,
663 1016 777 1064 quae
806 1000 847 1046 se
877 1016 1001 1045 nunc
1029 998 1223 1061 vndique
1252 1001 1430 1059 ingerit,
1464 998 1642 1047 defendi

236 1066 398 1135 potest,
428 1086 558 1130 quam
579 1068 684 1113 olim
705 1064 903 1114 reuocari
923 1069 969 1113 in
989 1064 1228 1114 Ecclesiam
1247 1063 1468 1133 potuisset.
1533 1070 1642 1115 Nec

237 1154 352 1185 vero
378 1137 565 1197 ingenii,
610 1134 859 1180 exsultantis
889 1132 1096 1181 auiditate
1126 1135 1356 1190 nouitatis,
1395 1135 1642 1191 licentiamin

237 1201 546 1270 peruertendis
578 1202 831 1266 Scripturi8‚
866 1212 913 1247 et
934 1216 1022 1265 ‘per
1055 1199 1523 1267 camerationemip'sis
1543 1201 1644 1254 reli·

242 1273 389 1333 gionis
409 1269 638 1336 capitibus,
658 1269 729 1316 vel
749 1269 830 1316 alia
848 1286 896 1315 re
915 1271 1049 1330 magis
1069 1268 1561 1334 corroboratur,1quam
1579 1271 1646 1320 ηις

241 1339 364 1387 scitia
393 1350 439 1386 et
476 1338 743 1398 negligentia
781 1337 1055 1398 linguarum,
1096 1338 1168 1386 vel
1207 1340 1366 1387 certius
1398 1332 1646 1393 coematur,

242 1422 377 1472 quam
416 1423 565 1453 earum
599 1406 735 1452 veluti
761 1406 943 1453 vinculis
970 1404 1215 1452 iniiciendis
1241 1416 1287 1453 et
1312 1402 1647 1466 adstringendi&

241 1476 321 1522 Illa
344 1474 525 1538 quidem
545 1475 679 1537 impia
698 1473 875 1520 licentia
893 1474 1323 1530 socinianorum‚.vt
1345 1472 1470 1538 saepe
1490 1475 1535 1519 in
1558 1476 1649 1526 Lea-

241 1539 467 1590 &ionibus
488 1539 642 1588 nostris
663 1537 1026 1598 demonstramus,
1059 1557 1203 1606 prope
1221 1547 1319 1588 tota
1338 1538 1400 1588 est
1421 1540 1490 1587 vel
1510 1538 1564 1586 ab
1582 1541 1648 1586 in·

244 1609 374 1657 dotia
409 1609 577 1657 inscitia
605 1607 868 1662 verborum,
911 1609 982 1656 vel
1008 1606 1062 1655 ab
1086 1610 1331 1656 voluntaria
1360 1607 1646 1668 negligentia,

244 1693 331 1724 nec
355 1678 434 1725 alia
454 1679 627 1724 ratione
646 1678 808 1723 certius
827 1693 879 1722 ac
905 1674 1074 1723 facilius
1104 1676 1400 1730 conuincitur,
1431 1689 1562 1734 quam
1583 1685 1650 1720 te-

243 1744 403 1792 nendis
423 1743 595 1798 verbis3
625 1743 656 1789 si
673 1742 823 1790 iubeas
845 1741 1017 1795 docere,
1050 1741 1278 1805 quomodo
1297 1743 1345 1788 in
1370 1739 1515 1787 verbis
1535 1741 1649 1787 Scri·

244 1822 406 1878 pturae
428 1808 527 1857 infit
545 1809 616 1856 vel
636 1808 768 1856 inesse
788 1806 932 1873 possit,
964 1808 1087 1873 quod
1109 1809 1173 1856 illi
1194 1807 1446 1856 defendant.

345 1877 431 1927 Sed
451 1881 496 1925 in
526 1877 616 1924 hoc
645 1892 809 1935 genere
828 1876 952 1940 saepe
972 1878 1168 1923 exoritur
1193 1875 1408 1941 quaedam
1436 1874 1650 1936 ambigui·

244 1956 311 1995 tas
333 1947 540 1994 licentiae
567 1955 614 1991 et
636 1944 846 1991 libertatis
875 1942 1208 1990 discernendae:
1241 1945 1436 2008 primum
1462 1944 1508 1989 in
1536 1943 1649 1990 locis

243 2015 561 2080 scripturarum
591 2013 665 2068 iis,
707 2014 754 2058 in
789 2008 949 2074 quibus
979 2011 1233 2075 Antiquitas
1261 2021 1308 2060 et
1334 2009 1518 2057 Scholae
1550 2009 1651 2056 vsus

246 2082 448 2144 agnoscit
475 2091 740 2142 argumenta
768 2077 1043 2139 dogmatum,
1076 2093 1180 2125 cum
1212 2095 1273 2132 ea,
1307 2073 1649 2141 interpretandis

245 2149 404 2204 verbis,
433 2165 514 2213 per
543 2148 732 2212 speciem
761 2143 995 2211 αἶκςιβεὶως
1023 2147 1332 2206 grammaticae
1356 2155 1433 2192 aut
1462 2140 1651 2191 dialeffi-

247 2234 337 2272 cae,
365 2218 452 2265 alio
480 2216 735 2269 trahuntur,
768 2224 816 2260 et
846 2215 1095 2278 eripiuntur
1120 2211 1431 2265 consuetudini
1458 2211 1649 2258 Scholae

247 2288 296 2333 in
326 2282 612 2333 docmatibus
642 2279 890 2328 firmandis:
924 2279 1082 2327 deinde
1102 2282 1147 2326 in
1174 2280 1360 2345 placide,
1388 2279 1649 2344 pertinenti-

240 2353 327 2402 bus
347 2350 402 2399 ad
422 2354 642 2399 rat²onem
663 2346 913 2396 historicam
942 2358 987 2395 et
1017 2349 1227 2403 criticam,
1257 2356 1307 2393 vt
1329 2345 1384 2392 de
1403 2347 1559 2403 literis,
1591 2344 1648 2390 de

242 2417 420 2486 punffis
440 2417 756 2466 Hebraeorum
785 2426 832 2463 et
860 2415 1127 2471 accentibus,
1162 2414 1218 2461 de
1245 2411 1449 2462 lestionis
1470 2415 1650 2461 varieta-

244 2501 303 2543 te,
340 2496 387 2534 et
416 2485 549 2532 rebus
581 2482 812 2531 similibus:
843 2485 889 2530 in
918 2482 1081 2547 quibus
1113 2483 1240 2548 saepe
1270 2490 1316 2528 et
1335 2481 1650 2550 licentiainui5

243 2554 365 2602 diose
382 2553 591 2608 accusata,
628 2562 676 2598 et
697 2549 873 2599 libertas
897 2550 1070 2599 defensa
1092 2549 1166 2610 est,
1199 2549 1270 2614 vel
1287 2564 1457 2598 nomen
1475 2545 1650 2594 liberta-

1252 2616 1260 2628 *
1587 2615 1646 2662 tis

298 2690 338 2744 f)
361 2690 530 2747 Epistol..
542 2694 593 2735 T.
615 2694 645 2732 Ι.
672 2705 709 2745 p.
728 2700 795 2746 47.
816 2692 853 2731 b.
