1682 3068
189 167 285 217 φο
406 167 649 200 Aua-1
727 166 1368 200 Mutua-ronxvs

189 279 373 326 rentiam
395 291 500 341 erga
519 270 750 335 augustum
765 273 860 321 ‘hoc
872 275 1205 321 Sacramentum
1220 272 1416 338 quotidie
1425 285 1473 323 et
1483 293 1590 341 quo·-

192 348 256 395 vis
286 342 424 391 modo
455 359 638 404 augere:
681 343 796 389 hinc'
814 352 969 389 natum
995 340 1171 389 Festum
1195 345 1396 406 corporis
1417 344 1593 401 Christi,

194 409 547 479 propofitionem
570 411 693 476 panis
712 410 860 458 sacrati
882 412 925 456 in
946 409 1176 463 altaribus,
1218 409 1593 472 circumgestatio·

196 474 364 534 nesret
383 477 556 526 fimilia:
584 476 809 541 inquibus
831 480 1040 541 quoniam
1060 475 1357 524 confitentem
1379 476 1595 527 habemus

197 550 508 602 Muratorium‚
526 546 641 592 nulla
661 562 730 592 res
756 545 1052 609 disputatione
1075 546 1256 606 indiget.
1290 548 1339 592 In
1361 547 1426 593 his
1447 556 1599 596 tamen

200 617 363 662 nullam
387 615 661 660 mentionem
683 613 789 660 facit
809 613 1101 669 adorationis,
1133 628 1242 676 quae
1264 611 1335 667 fit,
1370 630 1472 661 cum
1495 630 1600 661 con·

201 684 386 730 secratus
408 679 621 747 pastillus,
643 681 832 728 inclusus
855 681 1026 742 capsae,
1048 678 1235 741 gestatur
1252 698 1335 745 per
1353 680 1599 744 publicum,

202 763 249 799 et
279 749 332 797 ad
361 750 562 814 quemuis
596 750 689 795 eius
724 746 1008 813 conspesturn
1039 750 1247 795 homines
1284 747 1603 811 procumbunt.

203 818 287 868 Sed
315 835 414 864 eam
453 833 547 863 rem
588 814 762 863 fortasse
794 816 968 880 putauit
997 811 1244 862 const-Ciam
1291 809 1445 880 supra,¹
1513 831 1604 879 quo

203 887 347 953 mpihe
368 884 421 930 de
443 885 719 931 Adoratione
741 884 979 930 consecrati
1002 885 1128 946 panis
1147 881 1292 941 afium
1315 881 1389 932 est.
1441 886 1608 937 Quam-

203 971 334 1018 quam
360 970 473 1014 quae
496 952 555 998 ibi
578 949 695 998 dista
714 952 832 1008 sunt,
874 952 1000 998 facile
1028 950 1118 996 huc
1148 950 1478 998 accommodari
1509 951 1610 1014 pos-

204 1023 323 1070 sunt:
373 1021 448 1066 hic
477 1017 660 1065 caussam
698 1019 815 1065 suam
855 1019 1123 1065 deteriorem
1169 1017 1280 1064 fecit
1325 1021 1612 1066 Muratorius.

206 1095 326 1138 Nam
350 1105 451 1134 cum
486 1086 699 1150 superiori
721 1088 865 1148 capite
900 1089 1113 1143 (XXIII.)
1149 1087 1367 1140 innuerit,
1408 1084 1612 1132 recedere

207 1174 369 1220 corpus
389 1153 547 1202 Christi
569 1172 592 1199 a
616 1155 740 1219 panis
763 1154 909 1219 specie
929 1151 1074 1217 posset
1116 1151 1322 1217 profesto
1345 1148 1542 1200 incertos
1563 1168 1615 1198 ac

207 1226 366 1273 dubios
387 1220 616 1269 reddidisse
626 1221 762 1268 videri
786 1219 932 1285 potest
952 1220 1303 1281 gregalesrsuos:
1334 1223 1412 1284 qui
1432 1218 1615 1282 definire

208 1290 582 1346 non-audebunt,
635 1288 815 1354 quando
846 1290 918 1336 illa
951 1286 1146 1334 disceffio
1174 1286 1270 1342 fiat,
1320 1298 1451 1351 atque
1479 1289 1538 1334 ita
1567 1288 1617 1336 in

209 1359 415 1428 periculo
444 1367 600 1422 erunt,
645 1374 702 1404 ne
732 1354 917 1402 subinde
943 1364 1085 1402 meras
1112 1354 1302 1417 species,
1338 1354 1428 1403 siue
1455 1370 1619 1420 panem

212 1427 423 1475 reducem
447 1423 646 1475 adorent.
689 1443 695 1463 ε.
748 1422 834 1469 Sed
863 1433 1080 1470 cum‘tota
1110 1422 1185 1468 issa
1206 1439 1275 1469 res
1294 1419 1347 1469 fit
1369 1423 1619 1484 nugatoria,

213 1497 285 1543 vix
305 1495 485 1548 attinet,
522 1491 576 1538 de
597 1509 645 1538 ea
669 1490 834 1554 aliquid
858 1489 1028 1538 addere.
1106 1493 1164 1537 Et
1183 1507 1452 1554 quamquam
1474 1489 1620 1536 adhuc

212 1559 380 1612 restant
400 1560 614 1624 quaedam
637 1558 788 1622 paffim
812 1561 944 1605 etiam
965 1560 1011 1604 in
1031 1558 1098 1604 his
1118 1557 1336 1620 capitibus
1368 1557 1528 1621 sparsa,
1573 1558 1620 1602 in

217 1628 380 1695 quibus
401 1625 568 1690 aliquid
590 1625 670 1672 dici
694 1636 849 1672 contra
870 1624 1025 1689 poffit:
1067 1634 1242 1678 tamen,
1276 1626 1377 1687 quia
1401 1641 1492 1672 non
1514 1640 1623 1670 con-

219 1694 367 1746 iunsta
397 1695 498 1741 sunt
526 1708 799 1756 magnopere
830 1708 933 1739 cum
964 1689 1103 1738 caussa
1133 1709 1203 1747 ea,
1257 1707 1386 1755 quam
1417 1690 1627 1756 discepta-

223 1781 347 1818 mus,
401 1778 451 1808 ea
477 1762 838 1825 praetermittere
866 1758 1002 1806 lubet.
1104 1765 1255 1823 Atque
1294 1761 1423 1806 etiam
1455 1770 1502 1806 et
1535 1757 1626 1822 ipse

224 1833 419 1880 satietate
439 1830 522 1875 iam
546 1825 731 1874 defessus
753 1827 848 1874 sum
870 1826 1102 1874 refellendi
1123 1844 1194 1881 ea,
1231 1841 1349 1891 quae
1378 1838 1467 1874 tam
1504 1825 1628 1873 nulla

227 1917 327 1947 cum
349 1898 492 1960 speeie
511 1894 732 1950 dicuntur,
757 1906 804 1941 et
827 1913 914 1950 rv,
947 1911 1032 1940 vm
1061 1912 1400 1949 νΕΝΕπΑΝοε,
1437 1892 1629 1954 legendi.

227 1964 473 2029 Itaque-hic
491 1962 626 2011 finem
647 1963 805 2010 faciam
828 1960 1064 2018 scribendi,
1107 1977 1337 2025 nunquam
1359 1973 1510 2008 autem
1531 1978 1628 2009 Tv1

229 2032 429 2083 colendi,
477 2047 712 2095 Tvassque
733 2026 988 2084 doetrinae,
1037 2031 1306 2094 virtutisque
1337 2027 1637 2089 admirandam

233 2098 430 2159 Quodfi
459 2098 562 2163 quid
595 2101 642 2145 in
672 2098 763 2144 hoc
789 2096 943 2143 libello
989 2115 1010 2142 a
1043 2113 1116 2142 me
1146 2097 1358 2160 scriptum
1394 2097 1631 2147 inueneris,

233 2167 355 2235 quod
391 2186 497 2214 Tvo
537 2168 583 2213 in
613 2167 703 2212 hoc
733 2182 898 2226 genere
926 2163 1170 2211 acutiffimo
1201 2163 1368 2211 iudicio
1402 2162 1633 2228 probetur,

235 2250 332 2285 tum
362 2251 468 2282 vero
499 2251 574 2281 me
606 2250 768 2297 operae
804 2234 994 2295 pretium
1029 2229 1194 2286 fecisse,
1261 2243 1307 2278 et
1341 2247 1554 2291 magnum
1585 2232 1633 2274 in

238 2307 486 2370 primisque·
523 2303 702 2350 suauem
743 2302 872 2347 huius
919 2304 1006 2346 mei
1047 2299 1210 2347 laboris
1242 2297 1438 2348 frustum
1479 2293 1635 2363 cepisse

239 2370 492 2423 arbitrabor.
832 2385 838 2391 ·
1063 2382 1065 2386 ’
1588 2376 1590 2381 “

583 2533 1299 2556 w

1466 2715 1639 2754 BREVts
