1682 3068
215 172 315 219 522
372 171 450 202 'DE
487 168 835 200 THEOLOGIAE
876 153 1147 202 HISTORIC..
1178 164 1523 207 ET'DOGMATJ

218 277 387 339 logiam
410 293 513 323 cum
534 275 785 336 dogmatica
812 277 1149 337 coniungerent,
1178 278 1381 342 inprimis
1402 282 1451 336 is,
1482 286 1617 341 quem
1680 278 1682 332 l

220 359 326 394 ante
368 346 742 399 commemoraui,
800 347 863 390 Io.
893 343 1102 394 Marinus.
1120 345 1162 406 *)
1211 362 1213 366 ’
1247 344 1400 410 Atque
1442 346 1533 395 hoc
1565 345 1618 393 ab
1681 333 1682 377 Ῐ

219 415 350 460 initio
388 411 779 477 repurgandorum
814 411 1033 460 sacrorum
1064 412 1325 477 perspexere
1366 417 1515 473 magni
1556 415 1617 461 vi-

220 483 283 538 ri,
314 483 360 526 in
389 481 456 527 his
487 481 707 541 Philippus
734 480 1043 536 liffelanchtbon,
1095 481 1170 544 qui
1208 482 1358 527 multis
1387 481 1498 527 locis
1529 480 1618 527 hoc

174 595 181 601 ,
220 558 394 595 monet.
430 564 613 594 omnem
636 545 962 610 propemodum
994 547 1359 611 deprauationem
1392 545 1618 595 doarinae

219 628 367 664 ortam
391 615 558 678 semper
577 612 662 660 effe
681 631 707 660 a
723 614 1035 677 deprauatione
1055 615 1305 670 verborum,
1335 627 1382 661 et
1401 614 1619 662 definitio·

221 683 355 731 nibus
385 700 544 730 eorum
575 679 820 729 constitutis
838 680 927 728 fine
948 682 1172 729 literarum
1199 694 1243 729 et
1263 680 1466 730 historiae
1483 682 1620 729 seien-

223 753 310 805 tia,
361 752 672 814 inprimisque,
723 766 825 796 cum
855 748 985 796 verba
1016 751 1244 814 popularia
1273 749 1563 797 definirentur
1593 767 1620 796 e

220 819 598 886 philosophorum
619 816 938 864 consuetudine
965 816 1188 880 loquendi,
1221 828 1352 880 atque
1375 835 1424 864 ex
1443 819 1527 865 illis
1546 817 1620 863 de-

222 884 502 934 finitionibus
531 885 845 949 disputaretur:
889 901 980 948 quo
1009 886 1054 930 in
1084 901 1249 945 genere
1280 887 1406 949 saepe
1436 900 1620 949 peccare

222 954 514 1018 Augustinum,
542 965 588 999 et
606 951 791 999 mirifice
812 952 854 997 se
871 965 1083 1015 torquere
1109 950 1304 998 subinde.
1324 970 1361 1000 v.
1384 954 1458 1000 Tr.
1479 958 1525 999 de
1542 955 1622 1000 Ec-
1670 947 1677 952 ⁶

225 1024 339 1089 alifia
368 1031 410 1070 et
435 1021 689 1068 austoritate
715 1023 832 1067 verbi
861 1021 960 1066 Dei.
995 1019 1150 1078 (1311.
1181 1020 1294 1082 Opp.
1314 1037 1362 1082 p.
1387 1026 1516 1078 122.)
1546 1018 1623 1067 vbi

227 1093 364 1138 etiam
385 1089 587 1151 exempla
606 1099 1035 1135 commemorantur.

321 1162 472 1219 Atque
499 1157 635 1201 etiam
662 1154 808 1200 solent
835 1152 1084 1212 arrogantia
1112 1151 1183 1200 sua
1211 1150 1385 1199 molesti
1416 1151 1500 1200 ess'e
1517 1154 1621 1209 aliis,

226 1227 305 1291 qui
341 1226 399 1271 ita
426 1221 615 1269 trastant
633 1221 948 1282 Theologiam,
978 1231 1026 1266 vt
1051 1236 1135 1266 vna
1165 1220 1471 1284 philosophiae
1491 1220 1620 1273 subti-

225 1295 360 1350 litate,
394 1288 485 1337 fine
513 1291 666 1338 multis
698 1290 836 1336 literis
863 1299 910 1334 et
937 1285 1137 1345 historia,
1165 1290 1389 1335 nitantur:
1423 1290 1622 1352 primum

223 1363 272 1409 in
291 1377 360 1416 eo,
395 1357 516 1422 quod
546 1357 589 1404 se
619 1366 780 1422 putant
807 1356 933 1420 saepe
952 1372 1021 1402 res
1050 1372 1198 1411 nouas,
1232 1356 1322 1403 aliis
1342 1353 1535 1412 indistas,
1553 1373 1623 1403 ex·

226 1425 434 1488 cogitasse
453 1443 503 1473 ac
523 1423 760 1489 protulisse,
794 1423 925 1487 idque
945 1423 1192 1488 persuasum
1210 1424 1411 1486 ‘cupiunt
1430 1424 1622 1471 homini-

225 1497 337 1546 bus:
369 1511 472 1542 cum
492 1495 666 1540 nouitas
685 1491 738 1539 fit
758 1493 804 1539 in
825 1491 923 1538 solis
942 1489 1098 1545 verbis,
1122 1507 1216 1536 non
1241 1492 1287 1537 in
1313 1489 1454 1537 rebus.
1498 1494 1624 1538 Nam

228 1581 335 1612 cum
361 1560 494 1609 verba
519 1577 642 1608 noua
675 1561 844 1607 ratione
881 1557 1110 1612 definiunt,
1147 1558 1192 1604 h·
1215 1574 1252 1604 e.
1283 1559 1411 1612 male,
1444 1555 1625 1621 decepti

227 1633 283 1680 ab
304 1631 466 1678 inscitia
484 1629 723 1683 literarum,
756 1644 782 1673 e
801 1643 921 1674 noua
942 1624 1201 1672 definitione
1229 1625 1449 1684 colligunt
1465 1626 1621 1679 multa,

226 1704 342 1764 quae
363 1696 438 1744 sub
460 1714 515 1743 eo
535 1697 721 1743 nomine
751 1694 848 1740 sane
874 1710 1009 1740 nemo
1037 1703 1142 1738 ante
1167 1691 1293 1738 dixit:
1330 1690 1401 1738 sed
1421 1709 1532 1755 quae
1553 1692 1623 1739 vel

228 1767 332 1815 falsa
360 1765 460 1811 sunt
489 1779 592 1810 cum
613 1763 702 1826 ipsa
730 1760 997 1812 definitione,
1029 1759 1100 1805 vel
1121 1774 1222 1805 vera
1239 1757 1432 1822 quidem,
1461 1758 1531 1805 sed
1552 1761 1624 1816 ita,

228 1832 263 1882 fi
287 1848 458 1881 nomen
483 1834 548 1879 rei
575 1840 736 1885 mutes,
768 1828 825 1876 de
845 1844 931 1893 qua
959 1824 1195 1892 disputant.
1262 1825 1349 1873 Sed
1363 1827 1625 1940 insolenltliug
1671 1839 1677 1849 ¹

1511 1912 1527 1941 ι
1562 1911 1590 1940 u

283 2003 326 2058 ¹)
354 2001 470 2043 Vitae
490 2000 542 2039 10.
562 1998 712 2039 Morini
732 1999 872 2048 auiior,
893 1997 957 2050 qui
975 2007 1129 2051 putatur
1147 1995 1227 2038 effe
1249 1995 1295 2039 R.
1311 1995 1502 2046 Simonias,
1513 2010 1625 2049 prae-

339 2056 474 2100 miffae
491 2055 790 2110 Antiquitatibus
808 2052 986 2094 Oriental.
1003 2051 1128 2108 Ecclqfi
1149 2067 1188 2107 p.
1204 2063 1272 2106 75.
1299 2054 1411 2093 tradit
1428 2051 1625 2092 historiam

341 2113 486 2167 Operis
521 2112 571 2152 de
609 2112 874 2159 Poenitentia,
912 2109 1102 2162 valdeque
1136 2109 1265 2148 laudat
1291 2120 1332 2148 et
1364 2108 1627 2157 commendat,

343 2181 387 2211 vt
403 2183 487 2209 non
504 2167 681 2221 scriptum
703 2167 750 2207 ad
771 2166 931 2213 modum
942 2165 1241 2219 Theologorum
1260 2178 1285 2205 e
1302 2162 1439 2213 schola,
1458 2162 1523 2204 sed
1537 2177 1628 2216 pro-

341 2241 395 2280 pe
423 2236 549 2264 totum
575 2222 806 2268 historicum,
836 2223 860 2261 i.
881 2235 914 2261 e.
935 2220 982 2261 ab
1003 2222 1202 2261 literarum
1230 2217 1420 2260 sacrarum
1437 2221 1627 2271 interpre-

346 2283 497 2322 tatione
518 2290 558 2320 et
587 2281 818 2331 antiquitate
837 2274 1013 2317 dueum:
1044 2275 1109 2316 sed
1127 2274 1325 2314 Morinum
1341 2275 1513 2316 coaetum
1532 2272 1624 2324 efle,

340 2346 483 2385 narrat,
514 2335 702 2387 quaedam
732 2334 912 2373 emollire
940 2333 982 2372 in
1006 2330 1266 2384 praefatione,
1293 2342 1409 2384 atque
1426 2332 1543 2371 etiam
1565 2343 1627 2369 re-

324 2393 515 2440 ‘ti-achre,
535 2391 641 2443 quod
662 2387 784 2430 essent
805 2386 964 2428 aduersa
984 2388 1301 2442 Dogmaticorum
1322 2387 1501 2438 decretis,
1520 2384 1627 2438 quod

340 2448 435 2490 fecit
461 2448 631 2487 maxime
658 2447 699 2485 in
725 2444 805 2485 fine
837 2443 1105 2496 praefationis:
1137 2441 1323 2492 Forsitan,
1361 2444 1487 2494 inquit
1521 2442 1627 2480 inter

343 2504 426 2552 alia,
462 2504 610 2556 antiqui
643 2503 756 2540 moris
786 2498 1072 2550 circumstantias
1107 2498 1363 2553 particulatim
1389 2497 1628 2550 discutientes,

339 2558 588 2611 confiquentia
605 2556 781 2611 quaedam
812 2558 983 2605 eruimus,
1009 2567 1101 2609 quae
1120 2554 1303 2594 doctrinae
1323 2556 1361 2592 in
1381 2551 1528 2600 Ecclefia
1549 2551 1629 2591 vul-

340 2626 452 2669 gatae
467 2626 502 2652 et
524 2612 746 2667 approbatae
763 2613 947 2665 principia
971 2611 1137 2651 laedunt:
1169 2609 1235 2650 hoc
1251 2622 1329 2648 roto
1357 2611 1477 2648 animo
1494 2606 1629 2651 exhor-

339 2669 511 2724 rescimus
529 2680 602 2709 cet.
659 2667 739 2710 Sed
769 2668 903 2707 similia
928 2668 966 2709 ei
998 2666 1222 2708 acciderunt
1248 2666 1291 2707 in
1307 2665 1466 2707 alterius
1484 2664 1629 2718 Operis

339 2726 538 2782 praeclari,
570 2724 614 2765 de
633 2722 953 2776 ordinationibus,
981 2723 1103 2771 P.111.
