1682 3068
175 186 270 232 322
606 187 679 216 nn
744 186 1136 220 mecumme-

173 310 300 356 gare,
331 293 378 340 se
399 290 645 348 instituisse,
676 293 959 360 praecepisse,
994 294 1179 357 exegisse
1198 314 1221 342 a
1242 295 1428 356 Iudaeis,
1464 316 1572 366 quae

174 358 381 427 profesto
403 357 648 407 instituerat
668 372 799 427 atque
820 375 1116 429 praeceperat,
1151 365 1298 412 cultus
1320 369 1576 415 cer-imorum

174 447 275 476 rum
299 442 343 474 et
363 426 667 475 sacrificiorum
683 465 694 486 ,
726 446 811 476 nec
832 447 990 494 eorum
1012 430 1311 479 institutorum
1332 433 1577 498 vsurpatio·

173 513 279 544 nem
308 495 512 560 probare.
597 495 680 542 Sed
700 496 854 544 Iudaei
882 516 932 544 ea
955 501 1023 546 vel
1056 510 1239 564 propter
1268 499 1310 546 se
1339 514 1577 566 praecepta

177 562 283 620 effe,
319 565 373 609 *et
401 566 500 610 Deo
527 563 703 627 placere
729 564 966 628 putabant,
1007 567 1076 612 vel
1103 569 1164 614 ita
1193 567 1506 631 peragebant‚··
1530 579 1579 615 vt

176 633 379 695 corporis
401 633 546 677 omnia
563 629 718 683 effent,
762 633 878 680 nulla
906 636 970 680 vis
990 633 1043 679 ad
1063 635 1261 682 animum
1281 637 1399 692 talis,
1429 635 1576 700 qualis

175 701 223 746 in
243 701 293 745 iis
315 698 457 744 fuerat
477 697 527 744 ab
554 715 607 745 eo
628 696 814 762 spefiiata
833 701 907 764 Ps.
929 702 1034 755 XL,
1057 717 1100 758 7.
1131 704 1184 759 L,
1211 714 1249 755 8.
1281 705 1360 758 LJ,
1387 714 1458 756 18.
1491 704 1579 766 Iqs.

176 768 216 824 Ι,
243 784 261 813 1
278 783 313 812 1.
345 769 496 814 Ierem.
519 765 625 819 VII,
647 778 722 820 28.
802 770 894 814 Hic
916 766 977 814 est
997 770 1144 825 locus,
1175 772 1250 834 qui
1271 775 1317 817 de
1341 772 1580 819 traditioni-

178 839 255 882 bus
275 832 434 880 dicitur
454 850 478 878 a
497 831 666 887 nostris,
695 843 743 882 vt
761 836 806 880 in
828 834 1113 882 Confeffione
1131 835 1378 900 Augustana
1395 839 1579 901 eiusque

177 902 399 966 Apologia
420 902 563 948 Artic.
587 903 678 948 XV.
705 904 754 948 in
783 919 872 965 quo
902 903 1005 950 loco
1039 902 1093 949 de
1122 906 1175 951 iis
1202 907 1247 952 in
1276 915 1446 968 partem
1467 922 1580 960 eam,

181 969 236 1016 de
257 986 339 1031 qua
359 970 445 1014 iam
466 967 671 1023 diximuS,
704 969 951 1017 luculenter
977 967 1206 1018 differitur.
1250 977 1371 1019 Nam
1393 971 1580 1019 verbum

66 1098 75 1117 l
113 1074 119 1078 ἡ
180 1040 454 1086 traditionum
486 1032 547 1080 est
568 1053 592 1080 e
613 1038 788 1084 Graeco
818 1030 1131 1100 παξαδᾶσεων,
1176 1040 1238 1084 ita
1257 1040 1580 1102 interpretante

177 1102 380 1154 versione
401 1113 548 1149 vetere
567 1104 701 1149 latina
720 1106 846 1149 Noui
864 1102 1149 1160 Testamenti,
1169 1103 1222 1150 ad
1240 1106 1580 1167 intelligentiam

178 1172 412 1232 vulgarem
434 1187 527 1217 non
551 1169 664 1216 bene
685 1171 731 1215 in
753 1170 1058 1231 Theologiam
1083 1168 1353 1220 traduaum:
1390 1173 1581 1238 suntque

180 1243 427 1288 traditiones
439 1274 449 1292 ,
485 1254 597 1299 quae
618 1239 802 1301 proprie
819 1237 1018 1304 Instituta
1033 1239 1168 1285 latine
1186 1239 1410 1299 dicuntur,
1432 1239 1580 1306 quoad

180 1305 362 1373 quidem
386 1304 441 1350 ad
461 1303 658 1352 afi'ciones
686 1306 915 1367 religionis
943 1307 1183 1372 pertinent.

1177 1402 1190 1424 x
1327 1405 1330 1407 .
1538 1406 1539 1409 ,

279 1456 356 1499 27.
375 1437 683 1489 Institutorurn
696 1451 845 1490 autem
865 1440 1126 1504 dignitatem
1145 1442 1388 1491 vniuersam
1397 1441 1582 1489 demon-

182 1506 285 1556 strat
301 1522 348 1555 et
361 1508 552 1555 vindicat
572 1507 806 1557 austoritas
829 1509 992 1566 diuina,
1015 1528 1126 1575 quae
1144 1512 1195 1557 iis
1215 1526 1380 1572 magno
1391 1506 1583 1557 numero

182 1577 257 1624 vsa
279 1573 341 1622 est
365 1578 410 1622 in
439 1574 660 1642 disciplina
689 1579 813 1638 genti
831 1578 1088 1624 Israeliticae
1115 1577 1363 1625 constituta.
1461 1581 1584 1624 Nam

182 1646 303 1704 leges
337 1643 392 1689 de
421 1646 676 1691 cerimoniis
712 1656 758 1691 et
787 1645 942 1692 ritibus
974 1647 1014 1690 ei
1043 1647 1165 1705 genti
1192 1643 1317 1691 datae
1351 1643 1451 1690 sunt
1480 1660 1583 1706 pro-

184 1723 351 1777 pterea,
371 1721 419 1757 vt
438 1728 519 1775 per
539 1729 592 1757 ea
612 1722 724 1766 tum,
747 1722 922 1775 praeter
939 1710 1074 1757 fidem
1095 1713 1141 1757 in
1159 1711 1363 1758 futurum
1381 1710 1583 1757 Meffiam

185 1789 233 1825 et
255 1780 575 1842 poenitentiam
589 1816 599 1834 ‚
643 1779 775 1825 etiam
800 1779 974 1842 pietatis
990 1779 1212 1826 vniuersae
1231 1777 1496 1825 exercendae
1512 1776 1585 1824 vel

150 1852 154 1854 ’
186 1844 368 1894 alendae
397 1844 575 1893 daretur
595 1843 783 1903 occasio,
823 1856 868 1892 et
889 1844 1168 1893 obedientiae
1188 1845 1394 1893 aduersus
1412 1848 1586 1900 Deum3

186 1911 442 1977 habentque
469 1912 580 1961 adeo
610 1911 1272 1979 institutorumdisciplinalium
1301 1911 1587 1968 charasteres,

189 1995 239 2029 vt
267 1977 614 2031 demonstratum
646 1978 708 2027 est
737 1982 782 2026 in
810 1980 1120 2044 Disputatione
1149 1983 1278 2028 tertia
1306 1979 1361 2027 de
1386 1980 1585 2028 Arbitrio

194 2051 332 2097 diuino
354 2042 396 2095 ih
419 2049 633 2113 Religione
652 2049 926 2112 constituenda
946 2053 984 2108 §.
1005 2064 1066 2106 97
1077 2050 1175 2114 sqq.
1277 2050 1422 2095 Fuere
1452 2049 1586 2109 igitur

191 2118 239 2164 in
261 2116 328 2162 his
349 2113 544 2162 instituta
566 2116 716 2163 diuina
736 2121 906 2163 Veteris
929 2114 1214 2164 Testamenti.
1292 2115 1379 2164 Sed
1407 2132 1502 2161 eam
1524 2113 1587 2160 di-

192 2182 398 2247 sciplinae
427 2194 600 2248 partem
621 2200 756 2247 quum
775 2183 936 2229 tollere
957 2194 1003 2229 et
1019 2201 1092 2229 res
1118 2183 1313 2240 iuberet,
1356 2192 1402 2228 et
1420 2182 1587 2245 sapien-

191 2252 282 2297 tiae
301 2249 474 2298 diuinae
498 2251 717 2315 placeret,
754 2248 919 2298 sustulit
938 2251 1049 2296 Iesus
1073 2247 1289 2308 Christus,
1317 2265 1472 2305 nouae,
1490 2264 1588 2295 non

196 2315 420 2364 doEirinae
441 2330 485 2364 et
505 2319 732 2380 religionis
745 2355 756 2374 ,
792 2317 862 2364 sed
880 2317 1130 2381 disciplinae
1147 2315 1311 2364 auEtor.
1388 2318 1491 2362 Eius
1511 2315 1588 2363 ha·

195 2384 354 2432 bemus
379 2383 573 2432 instituta
596 2396 767 2432 tantum
787 2386 900 2439 duo,
940 2385 1210 2450 Baptismum
1239 2394 1286 2431 et
1308 2387 1502 2431 Coenam
1529 2382 1587 2428 sa-

198 2468 330 2498 cram.
393 2457 673 2517 Quamquam
694 2454 872 2500 enimin
891 2453 942 2498 iis
960 2452 1022 2498 est
1042 2455 1174 2499 etiam
1193 2451 1357 2517 aliquid
1376 2449 1588 2514 amplius3

130 2554 137 2557 γ
196 2528 347 2565 tamen
386 2518 686 2567 institutorum
714 2521 961 2585 disciplinae
991 2518 1256 2568 Christianae
1291 2521 1506 2567 rationem
1540 2527 1588 2564 et

196 2602 368 2632 nomen
388 2604 479 2633 non
501 2590 722 2635 amittunt.
818 2593 941 2634 Nam
970 2604 1115 2650 neque
1133 2589 1177 2633 in
1198 2587 1273 2643 illo
1289 2583 1408 2650 quod
1426 2585 1586 2643 agitur,

191 2654 344 2719 sneque
365 2655 412 2700 in
435 2655 519 2700 hac
537 2655 661 2720 quod
679 2654 730 2702 fit
742 2692 754 2713 ,
788 2655 860 2702 sua
878 2665 1053 2702 tantum
1074 2653 1211 2701 caussa
1225 2652 1297 2700 fit:
1341 2649 1446 2698 esset
1462 2654 1587 2698 enim

1538 2735 1587 2765 m
