1682 3068
398 163 460 195 nt
498 162 794 195 untalons
830 161 1261 202 CONSTITVERDA
1432 157 1532 206 217

133 271 352 337 peccarim
388 269 444 318 de
473 285 563 336 quo
583 269 692 318 alius
712 270 798 323 erit
815 268 1098 317 commodior
1115 266 1362 334 disputandi
1391 266 1532 316 loeus.

41 385 54 393 ,
135 340 247 386 Non
270 339 486 388 inutiliter
505 339 598 392 hic,
624 337 668 384 h.
689 353 727 384 e.
746 336 802 382 de
819 333 908 384 fide
929 339 976 383 in
999 342 1053 384 V.
1071 341 1130 385 T.
1151 334 1533 401 comparabuntur

136 404 253 454 bene
271 405 483 471 disputan
499 423 524 452 a
552 405 611 452 L.
631 403 804 468 Capella
834 406 882 450 in
910 407 1089 465 egregia
1107 404 1309 453 Diatribe
1338 408 1388 452 de
1406 418 1536 466 prae·

131 477 344 539 rogatiuis
361 472 515 537 Ecclqfi
523 471 674 537 Christ.
682 474 823 537 fispra
846 474 1058 520 Iudaicam
1078 473 1117 536 §.
1141 489 1181 533 3.
1201 490 1245 532 4.
1263 476 1306 521 in
1327 470 1534 536 olm-Co-

128 542 335 605 pallorum
343 560 395 606 p.
416 557 446 588 2
457 548 511 588 16
522 540 623 605 sqq.

236 676 314 738 36.
346 675 589 723 Enimuero
616 671 753 721 fidem
782 673 915 731 illam,
949 674 1022 721 cui
1055 673 1152 738 spes
1170 684 1290 722 certa
1310 674 1457 722 salutis
1473 671 1538 722 est

21 762 34 770 ⁰
136 740 371 808 proposita,
406 759 489 808 per
508 742 552 789 se
573 742 740 790 nullam
768 741 933 789 habere
952 737 1317 790 coniunfflonem
1336 759 1439 790 cum
1458 757 1539 791 na-

137 819 238 858 tura
263 825 437 866 rerum,
473 821 520 858 et
540 810 641 871 lege
667 810 832 867 diuina,
862 825 955 874 quo
985 825 1082 856 eam
1111 808 1227 867 trahi
1255 827 1279 855 a
1308 810 1541 857 nonnullis

136 876 235 932 dixi,
261 875 334 924 sed
354 881 467 925 meri
486 876 651 926 arbitrii
670 877 806 925 diuini
828 877 1027 933 decreto,
1048 870 1283 941 sapientiae
1301 878 1379 925 illo
1397 888 1444 925 et
1459 875 1539 924 be·

136 955 386 1074 331¹ssssss
402 942 1542 1079 2231?ssss,35331351}⁶Zffl?3313233223“33‘,2322

135 1078 214 1127 etsi
238 1095 383 1146 prope
415 1082 484 1128 sua
511 1081 670 1148 sponte
699 1081 981 1142 intelligitur,
1016 1091 1168 1128 tamen
1188 1097 1282 1128 non
1301 1097 1391 1129 vno
1408 1096 1540 1142 argu-

135 1158 296 1197 mento
314 1149 503 1210 intelligi
517 1148 686 1212 potest:
718 1166 833 1214 quae
859 1165 1083 1213 ponemus
1103 1147 1317 1206 breuiter,
1342 1159 1391 1197 vt
1408 1165 1459 1197 m
1474 1148 1544 1197 fa·

137 1215 268 1262 ‘cilius
288 1217 607 1277 intelligantur,
640 1235 753 1283 quae
772 1218 903 1264 tertia
931 1226 1057 1280 parte
1077 1215 1437 1281 disputabuntur:
1469 1233 1541 1264 ea·

138 1299 230 1346 que
247 1284 377 1330 etiam
396 1285 488 1330 aliis
518 1285 629 1332 locis
656 1282 912 1348 professura
937 1282 1137 1331 studiosis
1163 1285 1400 1350 speramus.
1469 1289 1543 1334 Ac
1575 1323 1584 1327 -

138 1351 349 1413 primum,
385 1349 417 1397 fi
437 1353 567 1399 etiam
603 1353 713 1413 legis
742 1349 874 1410 ipsius
903 1351 1079 1398 moralis
1108 1355 1314 1415 quamuis
1342 1349 1542 1418 perfesta

141 1426 191 1464 et
205 1416 413 1465 omnibus
434 1421 633 1467 numeris
654 1417 853 1466 absoluta
870 1419 1163 1473 conset-natio,
1194 1421 1334 1484 qualis
1354 1417 1439 1467 else
1459 1436 1542 1485 po-

140 1491 258 1532 terat
273 1486 318 1531 in
339 1486 525 1533 homine
542 1485 596 1534 ab
617 1489 743 1534 omni
762 1487 872 1533 vitio
903 1488 1094 1544 integro,
1119 1495 1270 1534 tamen
1289 1487 1342 1534 ad
1361 1487 1541 1536 felicita·

141 1560 235 1597 tem
259 1551 492 1600 coelestem
514 1553 680 1601 aditum
699 1552 833 1607 dedit,
866 1570 960 1600 non
990 1553 1064 1601 sua
1083 1564 1250 1611 natura,
1283 1572 1334 1602 ac
1353 1555 1542 1604 naturali

140 1617 284 1681 aliqua
303 1619 567 1677 necessitate,
585 1620 658 1668 sed
676 1620 859 1668 arbitrio
880 1620 1035 1668 diuino
1054 1632 1245 1685 propter
1265 1640 1337 1670 eas
1364 1620 1544 1681 caussas,

135 1702 254 1750 quas
282 1698 406 1752 parte
433 1687 647 1753 superiori
681 1687 988 1753 exposuimus:
1024 1688 1191 1737 clarum
1208 1687 1283 1744 est,
1317 1687 1361 1735 id
1390 1690 1540 1739 multo

138 1754 284 1816 magis
303 1753 390 1802 ess‘e
407 1753 644 1805 dicendum
666 1755 720 1803 de
740 1755 840 1812 fide,
874 1771 986 1820 quae
1005 1756 1049 1802 in
1069 1756 1186 1803 illius
1205 1757 1356 1806 locum
1374 1758 1542 1806 succes·

111 1818 490 1900 ,fitkproptereffi
527 1823 650 1890 quod
680 1825 828 1872 omnia
854 1840 905 1870 ea
937 1834 1209 1883 argumenta,
1245 1824 1407 1890 quibus
1425 1824 1541 1874 illud

137 1889 339 1945 vicimus,
367 1891 511 1939 multo
532 1893 669 1952 magis
689 1890 853 1940 cadunt
872 1892 918 1938 in
935 1889 1093 1939 fidem:
1123 1909 1210 1940 nec
1228 1895 1468 1957 quicquam
1489 1896 1540 1941 in

138 1971 204 2008 οι,
231 1956 379 2020 quoad
397 1955 459 2004 est
477 1961 524 2004 in
543 1970 695 2006 mente
713 1963 954 2022 animoque
982 1959 1189 2015 hominis,
1219 1961 1416 2023 intelligi
1433 1973 1538 2027 pot·

141 2018 217 2076 est,
239 2022 369 2086 ¹quod
387 2023 517 2088 poffit
534 2025 648 2072 hane
665 2027 751 2072 vim
773 2026 934 2074 habere
952 2042 1035 2091 per
1053 2026 1098 2074 se
1119 2038 1166 2075 et
1194 2027 1350 2093 suapte
1369 2043 1541 2087 natura,

136 2100 192 2137 -vt
210 2090 250 2135 ei
260 2093 383 2138 Deus
400 2102 570 2139 tantam
590 2093 709 2139 illam
727 2093 982 2141 felicitatem
1004 2093 1161 2141 debeat
1179 2096 1440 2152 concedere,
1461 2107 1542 2148 aut

142 2155 266 2220 quod
295 2157 456 2206 habeat
484 2160 728 2207 naturalem
757 2161 949 2224 aliquam
981 2177 1033 2208 ae
1061 2161 1339 2211 necess‘ariam
1359 2181 1465 2212 cum
1486 2181 1540 2213 ea

141 2224 490 2288 copulationem.
553 2230 640 2275 Res
668 2229 807 2289 igitur
835 2227 891 2275 fic
918 2227 1061 2277 habet.
1126 2233 1249 2278 Deus
1279 2248 1384 2282 cum
1404 2231 1542 2280 vellet

142 2308 405 2356 expromere
433 2306 480 2342 et
508 2295 556 2340 in
585 2293 868 2360 conspeaum
897 2297 1247 2357 intelligentium
1275 2309 1541 2348 naturarum

142 2358 347 2423 proferre
363 2362 454 2410 vim
473 2362 607 2417 suam,
642 2375 690 2410 et
711 2363 976 2428 sapientiam,
1012 2374 1059 2410 et
1078 2381 1185 2411 vero
1207 2368 1393 2416 maxime
1414 2368 1541 2416 beni·

136 2427 373 2488 gnitatem,
403 2431 455 2476 iis
483 2427 713 2478 destinauit
739 2433 874 2478 vitam
901 2429 1211 2489 beatissimam,
1256 2436 1384 2486 cuius
1413 2437 1542 2484 initia

119 2493 358 2558 'quaedam
389 2493 529 2544 effent
555 2500 602 2544 in
630 2500 698 2546 his
725 2501 868 2556 terris,
898 2495 1119 2562 perfectio
1140 2512 1188 2548 et
1213 2502 1542 2552 consummatio

108 2575 111 2581 ’
133 2560 196 2614 :in
213 2564 353 2611 coelo.
396 2563 450 2612 Id
469 2575 564 2612 erat
583 2566 867 2627 benignitatis
886 2582 1033 2613 merae
1051 2583 1103 2613 ac
1122 2567 1297 2628 liberae,
1315 2582 1364 2618 vt
1380 2587 1541 2620 omnes

119 2695 121 2698 Α
145 2628 417 2696 intelligunt.
477 2634 607 2691 Quae
627 2637 747 2684 enim
766 2636 829 2685 vis
849 2650 910 2752 ag·
922 2633 1146 2685 necessitas
1166 2653 1268 2688 eum
1289 2650 1468 2707 poterat
1486 2637 1543 2687 ad

132 2722 137 2738 ς
163 2718 167 2721 -
939 2717 964 2766 ς
1443 2723 1542 2756 eam
