1682 3068
211 117 307 164 234
512 117 806 148 VINDICIAE'
841 117 1099 149 Anni-run
1133 105 1315 152 nivini
1375 139 1380 142 -

210 223 294 271 Sed
316 240 397 288 per
414 223 507 270 illas
526 226 721 270 rationes
741 225 867 272 nullo
890 225 1026 273 modo
1046 226 1153 272 alius
1174 226 1320 274 sensus
1338 226 1492 273 exiliis
1513 243 1608 274 vex·-

210 291 276 338 bis
297 293 487 355 exprimi
507 289 674 354 potest,
714 309 843 356 quam
864 293 957 350 hic,
999 305 1067 347 vt,
1106 311 1210 340 cum
1229 294 1403 341 Paullus
1424 294 1608 342 demon·
1680 272 1682 345 3

211 357 393 415 strasset,
438 362 650 405 Ioannem
688 358 868 424 quidem
899 359 1164 424 baptismum
1209 358 1461 415 instituisse,
1527 365 1609 427 qui
1680 352 1682 411 3

211 427 410 474 aboleret
429 437 630 491 peccata,
660 444 699 474 v.
719 445 760 484 4.
779 427 851 473 sed
870 444 950 491 per
971 426 1104 474 fidem
1127 431 1169 474 in
1192 431 1381 489 llffqffinm
1399 446 1497 476 mox
1512 447 1605 477 ven·

211 505 350 542 turum
363 530 374 550 ‚
406 497 639 540 enimuero
659 511 772 558 opus
793 493 879 541 effe
899 511 1023 541 nunc
1042 494 1128 541 fide
1150 499 1195 542 in
1215 498 1423 558 JVIeffium,
1451 501 1522 560 qui
1540 515 1608 543 ve·

209 566 339 618 uerit,
367 572 412 608 et
436 562 648 626 baptismo
668 578 771 608 cum
799 564 872 608 tali
894 561 980 609 fide
1003 562 1225 627 suscepto,
1256 563 1354 627 post
1374 581 1504 628 quem
1542 576 1607 610 et-

208 634 297 677 iarn
329 628 444 678 dona
463 633 534 694 Sp.
554 632 595 675 S.
615 629 846 683 darentur,
890 647 1002 693 quae
1032 632 1147 678 solus
1180 629 1336 677 Christi
1364 631 1606 696 baptismus

210 696 355 755 daret,
404 707 503 746 tum
531 713 659 751 vero,
709 695 778 743 his
811 695 987 754 auditis,
1040 698 1306 762 susceperint
1341 698 1606 763 baptismum

210 764 388 820 Christi,
433 760 739 828 impositisque
778 764 982 811 manibus
1026 767 1276 830 acceperint
1315 766 1432 813 dona
1460 770 1532 830 Sp.
1562 760 1606 815 S.
1639 775 1641 778 ⁴
1675 810 1678 814 .

207 837 316 880 Hoc
346 835 403 879 ita
429 829 534 888 effe,
589 835 846 896 quicunque
875 834 1072 896 primum
1100 834 1222 879 hunc
1252 835 1403 882 locum
1430 834 1604 894 legerit,

205 900 410 948 nondum
431 898 630 946 imbutus
651 899 796 962 aliqua
818 902 1053 964 opinione,
1088 899 1366 959 existimabit,
1406 897 1606 948 et¹existi-

205 969 347 1016 mauit
365 970 507 1015 omnis
530 964 722 1014 Ecclesia
741 978 890 1023 vetuS,
935 970 1060 1015 cuius
1079 967 1288 1016 dostores
1315 985 1419 1015 eum
1449 969 1604 1015 locum

204 1036 380 1084 summo
411 1033 624 1082 consensu
650 1032 710 1081 sic
734 1036 1093 1098 interpretantur.
1171 1040 1278 1083 Eam
1301 1047 1451 1083 autem
1474 1038 1607 1082 inter-

202 1105 503 1168 pretationem
524 1118 617 1148 non
637 1118 692 1148 eo
711 1102 871 1157 valere,
893 1120 982 1167 quo
996 1101 1170 1167 quidam
1188 1107 1321 1150 etiam
1343 1106 1604 1151 SS.Patrum

202 1172 413 1226 trahunt,
464 1180 510 1216 vt
530 1171 703 1216 Ioannis
734 1169 974 1234 baptismus
1002 1169 1159 1225 οὶτελῆς
1186 1171 1337 1228 fuerit,
1390 1170 1462 1216 sed
1487 1170 1602 1216 bene

152 1284 157 1286 r
203 1239 456 1286 consentire
473 1253 577 1283 cum
597 1236 809 1284 sententia
821 1235 1037 1284 Ecclesiae
1056 1237 1237 1294 nostrae,
1256 1237 1310 1284 de
1333 1235 1604 1301 perfeffione

204 1317 251 1354 et
266 1309 307 1355 vi
325 1304 523 1369 baptismi
538 1306 734 1359 Ioannei‚
769 1321 862 1352 non
881 1305 1075 1352 alienum
1097 1303 1158 1352 est
1178 1303 1478 1352 demonstrare
1497 1322 1604 1368 pau-

203 1378 277 1422 cis.
354 1374 554 1420 Pertinet
574 1373 694 1418 enim
715 1370 768 1418 ad
789 1383 989 1419 accurate
1010 1372 1365 1434 cognoscendam
1393 1374 1539 1438 primi*
1551 1374 1602 1419 in

199 1446 265 1490 N.
284 1445 341 1490 T.
362 1438 545 1487 instituti
563 1439 777 1487 arbitrarii
796 1442 1028 1488 rationem.

302 1524 324 1569 5
339 1526 376 1556 1.
407 1501 615 1562 Primum,
633 1508 723 1554 hoc
744 1510 896 1568 negari
918 1510 987 1555 vix
1009 1506 1101 1554 sine
1118 1509 1393 1573 impudentia
1412 1516 1491 1554 aut
1510 1523 1600 1553 ma·

199 1596 292 1640 gna
315 1575 477 1623 inscitia
495 1576 706 1622 sermonis
729 1573 894 1638 potest,
930 1576 1061 1623 verba
1085 1573 1333 1629 οἰκέσαντες
1358 1569 1403 1622 δὲ
1429 1574 1603 1638 semper

198 1646 392 1694 indicare
411 1659 527 1698 rem,
563 1644 874 1689 orationemue
901 1640 1211 1705 praemelium,
1252 1642 1306 1689 ad
1329 1658 1458 1706 quam
1488 1641 1602 1687 refe-

198 1723 378 1767 rantur,
438 1726 522 1772 qua
544 1708 690 1755 audita
719 1707 921 1755 dicantur
949 1709 1153 1756 homines
1181 1709 1346 1772 aliquid
1375 1706 1599 1770 cogitasse,

199 1775 446 1832 decreuisse,
465 1774 608 1823 fecisse
628 1786 708 1822 cet.
730 1776 971 1841 referrique
990 1777 1043 1823 ad
1064 1779 1315 1824 orationem
1334 1778 1599 1840 primariam,

193 1864 296 1895 ,non
316 1844 449 1894 verba
470 1862 493 1891 a
512 1843 686 1890 dicente
710 1844 858 1890 relata.
956 1847 1008 1890 In
1038 1842 1135 1907 ipsis
1164 1843 1284 1891 libris
1309 1844 1435 1890 sacris
1460 1842 1518 1890 sic
1545 1860 1598 1890 ea

196 1917 345 1964 forma
364 1911 426 1959 est
447 1912 654 1958 omnibus
683 1911 814 1966 locis,
856 1922 904 1958 vt
923 1911 1017 1959 Abi.
1039 1915 1103 1965 II,
1129 1928 1200 1969 37.
1233 1928 1317 1958 nec
1336 1912 1596 1975 exemplum

197 1986 246 2030 in
276 1981 552 2029 contrarium
591 1977 737 2026 afferri
775 1977 930 2042 potest.
1026 1979 1222 2035 Deinde,
1275 1982 1466 2025 Ioannes
1499 1994 1596 2025 non

197 2048 421 2110 ἑβρὶπτισε
440 2047 497 2100 εἰς
517 2045 567 2096 τὸ
588 2043 721 2109 ὄνομα
740 2044 871 2101 'Ino-Z,
897 2047 1249 2110 profeſjbsfidem
1272 2049 1314 2094 in
1332 2048 1493 2109 Ieficm:
1527 2054 1594 2092 et-

197 2122 322 2166 enim
351 2115 395 2162 id
426 2131 592 2161 nomen
623 2112 803 2161 Meffiae
828 2113 944 2169 fore,
988 2125 1088 2162 tum
1114 2114 1315 2162 nondum
1346 2111 1593 2161 constabat:

195 2186 272 2235 sed
298 2180 499 2248 Apostoli
518 2182 698 2229 demum
721 2181 777 2228 sic
796 2181 950 2228 fecere.
1029 2183 1196 2229 Paullus
1226 2199 1362 2246 porro
1390 2181 1478 2243 ipse
1499 2191 1592 2226 tan-

195 2267 299 2301 tum
313 2269 397 2314 per
416 2254 799 2312 interpretationem
820 2247 970 2306 docet,
1013 2253 1227 2296 Ioannem
1249 2245 1428 2296 initiasse
1446 2249 1592 2294 homi-

195 2339 276 2368 nes
294 2323 340 2367 in
361 2334 528 2365 nomen
550 2318 644 2364 Iesu
659 2353 670 2372 ,
702 2334 782 2364 non
802 2317 971 2379 afferte,
1008 2334 1052 2363 ac
1071 2320 1335 2365 nominatim:
1371 2332 1451 2378 per
1467 2312 1590 2381 ἑξχὸ»

194 2385 340 2451 μένον,
383 2383 635 2433 intellexisse
654 2386 777 2432 hunc
795 2383 935 2448 ipsum
955 2383 1117 2438 Iesum,
1153 2386 1230 2448 qui
1250 2385 1338 2430 suis
1358 2384 1474 2429 dona
1494 2384 1590 2445 Spi-

193 2459 308 2503 ritus
335 2454 480 2508 daret,
522 2471 602 2500 non
622 2452 764 2516 ipsum
782 2451 1013 2514 nominaſjk.
1090 2455 1296 2515 Denique
1315 2446 1484 2496 necesse
1513 2446 1588 2504 est,
1638 2454 1677 2498 «ἢ

193 2535 242 2568 vt
264 2525 315 2576 ii,
351 2523 428 2585 qui
447 2517 818 2575 ἐβαπτίσθησαν,
861 2515 944 2565 fint
965 2521 1015 2571 ii,
1053 2518 1106 2564 ad
1127 2537 1240 2582 quos
1261 2520 1453 2583 pertinet
1484 2532 1590 2564 mox

193 2591 380 2654 sequens
401 2587 573 2642 αύτοῒςι
613 2585 687 2650 aaa?
706 2586 929 2644 ἐπιθέντος
954 2585 1100 2640 αὐτοῖς
1120 2585 1280 2639 nudas
1307 2581 1389 2641 τοὶς
1414 2582 1590 2653 χθῖςοιςτ

1525 2647 1598 2698 scd
1676 2637 1680 2644 ⁵
