1682 3068
194 185 293 234 250
497 178 793 220 vmmcnm
824 184 1083 221 anun-1211
1115 182 1295 221 mvm‘i
1311 183 1320 186 ’·

642 317 811 363 PARS
872 288 1149 362 ‘1⁷'ERT1A

195 446 200 463 τ
271 417 411 471 Deum
430 417 615 471 arbitrio
630 418 718 491 fico
739 422 783 471 i'n
803 420 1004 485 religione
1024 417 1308 488 constituenda
1325 434 1483 486 magna
1501 437 1594 472 cum
1640 416 1682 486 ff

335 494 490 559 gloria
509 494 599 566 sua
619 505 659 547 et
686 495 896 547 hominum
917 495 1097 546 utilitate
1122 493 1241 565 vsum
1271 494 1357 564 ‘ff'-
1650 494 1682 548 3„

293 628 323 669 6
330 638 370 679 3.
391 621 742 672 Iucundiffimam
761 621 985 671 institutae
995 623 1303 687 disputationis
1322 632 1495 687 partem
1518 639 1605 684 agn
1652 655 1656 658 >
1678 639 1682 648 ·

193 689 693 754 gredimur-explicare,
763 690 1185 739 demonstrationem
1215 693 1382 752 gloriae
1409 691 1596 747 diuinae,
1651 727 1654 734 2
1678 739 1682 742 ,

193 775 334 822 quae,
382 775 482 806 cum
503 759 741 806 hominum
763 760 901 807 salute
920 763 967 806 et
985 760 1168 806 vtilitate
1185 762 1387 814 maxima,
1414 755 1595 806 inustu-
1634 768 1682 862 ξ

194 838 270 872 tur
287 843 371 890 per
383 843 435 875 ea
456 828 562 882 ipsa,
593 844 705 890 quae
725 826 958 874 arbitrium
980 826 1175 874 diuinum
1197 829 1243 873 in
1262 828 1479 887 religione
1505 825 1595 871 san·
1656 867 1671 887 ,ᾗ

190 896 269 940 xit.
298 933 302 938 ,
346 895 466 948 Quid
484 897 602 940 enim
628 894 868 952 jucundius
886 898 1036 942 animo
1059 892 1288 943 Christiani
1309 893 1500 941 hominis
1519 901 1597 939 aut

194 958 329 1025 dehet
346 959 451 1020 effe,
495 973 571 1007 aut
588 961 757 1025 potest,
799 980 928 1026 quam
947 961 1093 1009 videre
1116 979 1167 1009 ac
1195 962 1355 1009 sentire
1375 959 1595 1019 effulgen·
1679 967 1682 973 ²

180 1035 290 1075 teni
312 1046 363 1074 ex
385 1026 592 1092 operibus
613 1028 911 1093 institutisque
930 1027 1088 1077 diuinis
1104 1028 1424 1093 perfeffionem
1447 1026 1595 1074 eustos
1643 975 1682 1092 ἕ

165 1122 168 1123 ’
191 1098 253 1143 ris
276 1096 514 1150 summam3
549 1113 662 1159 quae
683 1115 776 1145 non
797 1097 935 1144 modo
956 1097 1029 1144 sua
1050 1098 1231 1161 sponte,
1263 1102 1365 1161 quia
1381 1092 1594 1160 perfestio

192 1161 276 1218 est,
310 1163 572 1210 admirabilis
594 1163 655 1210 est
674 1174 720 1211 et
738 1165 900 1217 suauis,
932 1164 1003 1211 sed
1023 1168 1151 1212 etiam
1175 1166 1277 1228 quia
1293 1181 1360 1210 res
1379 1163 1517 1228 ipsae,
1545 1164 1595 1207 in
1631 1159 1645 1214 ζῙ
1663 1217 1670 1228 .-

189 1229 354 1295 quibus
375 1249 470 1279 eam
495 1231 796 1296 perspicimus,
813 1231 867 1281 ad
884 1232 1137 1279 felicitatem
1154 1230 1343 1279 nostram
1363 1232 1466 1278 sunt
1476 1245 1599 1276 com·
1626 1222 1643 1289 ’ξ
1671 1232 1674 1234 ’

189 1308 380 1363 paratae.
483 1302 650 1362 Neque
669 1318 775 1348 vero
807 1302 852 1346 in
872 1303 928 1347 eo
956 1300 1318 1364 superuacaneam
1343 1315 1444 1353 ‚rem
1463 1297 1598 1343 susce·

186 1364 297 1431 pisse
323 1365 462 1414 videri
491 1366 728 1425 debemus,
770 1367 892 1428 quod
914 1384 1204 1431 quaecunque
1230 1384 1254 1413 a
1272 1370 1372 1413 Deo
1402 1362 1598 1412 instituta
1632 1366 1647 1412 J⁴

190 1430 386 1488 constat,
429 1452 478 1481 ea
507 1437 727 1497 praeclara
755 1434 861 1492 effe,
901 1447 947 1482 et
975 1436 1182 1499 sapientia
1208 1436 1323 1493 eius,
1365 1442 1597 1496 ceteraque

187 1499 469 1566 perfestione
488 1502 751 1561 digniffima‚
791 1502 977 1550 dubitari
998 1520 1091 1550 non
1109 1501 1263 1567 potest.
1366 1505 1486 1548 Nam
1520 1500 1599 1563 qui

188 1571 254 1617 ita
275 1571 351 1615 scit
369 1588 419 1616 ac
439 1569 579 1617 credit
601 1572 836 1635 sapientiae
866 1570 1158 1616 consentanea
1179 1569 1284 1624 effe,
1322 1585 1435 1632 quae
1454 1585 1478 1613 a
1495 1571 1596 1613 Deo
1634 1567 1639 1569 ’

187 1635 305 1684 fasta
325 1635 658 1686 autconstituta
684 1639 805 1694 sunt,
848 1639 920 1700 pie
949 1637 1020 1682 ille
1051 1636 1234 1699 quidem
1262 1646 1309 1682 et
1334 1645 1596 1683 reuerenter

188 1705 372 1762 iudicat,
412 1716 610 1752 ceterum
640 1706 750 1751 nihil
767 1703 1009 1751 admodum
1032 1705 1143 1750 vltra
1164 1702 1349 1750 verbum
1370 1703 1512 1767 ipsum
1531 1704 1597 1748 in-

189 1773 376 1831 telligit:
419 1788 506 1817 nec
525 1789 578 1818 ea
599 1772 772 1818 scientia
792 1772 860 1819 vel
888 1773 1085 1818 animum
1115 1772 1400 1818 admiratione
1427 1772 1515 1816 Dei
1547 1778 1596 1816 et

186 1839 358 1887 laetitia
384 1840 587 1904 explere,
628 1840 697 1886 vel
726 1838 781 1885 ad
813 1838 1076 1886 refellendos
1104 1840 1300 1885 veritatis
1330 1837 1594 1884 aduersarios

187 1907 338 1954 valere
373 1905 531 1970 potest.
634 1908 810 1954 Paullus
850 1905 1028 1971 quidem
1067 1903 1327 1969 Apostolus,
1380 1915 1430 1951 vt
1469 1905 1595 1970 supra

187 1975 232 2039 ᾗ.
258 1990 333 2035 ς7.
353 1978 428 2022 61.
450 1972 614 2022 distum
635 1973 715 2033 est,
751 1993 775 2021 a
793 1977 894 2021 Deo
916 1978 959 2021 in
981 1972 1285 2022 constituenda
1301 1973 1517 2038 οἰκονομίᾳ
1534 1973 1595 2019 sa-

187 2044 296 2091 lutis
318 2041 491 2090 nostrae
519 2059 600 2107 per
624 2043 763 2090 Iesum
785 2040 1003 2089 Christum
1037 2039 1384 2088 demonstratum
1416 2039 1501 2087 effe
1535 2041 1595 2088 ait

188 2106 544 2176 ὑπερβάλλοντα
560 2109 725 2163 raim
743 2109 816 2166 τῆς
834 2108 1017 2176 χοὶςιτος
1045 2109 1184 2166 aurii,
1232 2109 1304 2171 atq.)
1327 2107 1595 2159 πολυποίκι-

189 2187 267 2230 λον
289 2184 480 2242 σοφίαν,
503 2180 666 2239 (Epa.
686 2181 750 2233 II,
770 2194 813 2235 7.
843 2182 941 2235 Ill,
966 2193 1032 2223 10.
1052 2181 1160 2238 cet.)
1231 2177 1313 2222 Sed
1336 2176 1428 2223 illas
1449 2185 1593 2224 tantas

190 2247 366 2294 diuitias
385 2245 668 2306 benignitatis
692 2257 737 2292 et
763 2245 1006 2308 sapientiae,
1043 2255 1091 2291 vt
1110 2261 1202 2292 non
1219 2241 1388 2299 verbis,
1419 2243 1495 2305 secl¹
1524 2259 1593 2289 re·

188 2315 276 2363 bus
297 2311 637 2367 demonstrauit·‚
667 2316 726 2360 ita
745 2329 836 2361 nou
855 2312 1136 2368 verbotenus,
1167 2311 1240 2358 sed
1258 2312 1390 2360 rebus
1414 2310 1509 2375 ipsis
1530 2313 1595 2356 in-

189 2380 392 2438 tuendis,
424 2392 472 2428 et
489 2380 675 2442 vestigiis
697 2397 846 2428 earum
868 2379 1205 2444 persequendiS,
1235 2379 1504 2441 cognoscere
1522 2378 1594 2424 de-

188 2449 378 2505 bemus;
408 2449 663 2509 praesertim
685 2466 787 2495 cum
807 2465 856 2494 ea
878 2449 1077 2508 cognitio
1091 2445 1328 2494 confirmet
1344 2449 1593 2508 veritatem,

192 2535 382 2580 eamque
404 2517 558 2564 reddat
579 2519 726 2564 animo
749 2517 960 2563 cariorem
983 2528 1028 2561 et
1048 2513 1365 2562 iucundiorem.
1408 2519 1529 2563 Nam
1542 2525 1594 2562 vt

189 2588 334 2646 magis
355 2588 543 2647 quisque
566 2586 772 2649 perspicit
793 2582 1139 2643 magnitudinem
1161 2582 1445 2644 benignitatis
1464 2594 1509 2628 et
1534 2580 1592 2629 sa·

190 2655 387 2722 pientiae
417 2653 593 2701 diuinae
621 2655 668 2700 in
697 2655 771 2709 iis,
818 2668 927 2718 quae
952 2650 1129 2699 arbitrio
1166 2649 1319 2700 diuino
1356 2649 1594 2699 constituta

1492 2718 1594 2770 sunt
