1682 3068
793 8 817 51 ,Ξ

381 206 1126 251 ⁴‘xwvnAr'o'vas
1444 213 1501 244 11

107 330 231 376 Nam
259 327 289 374 fi
310 327 366 374 de
387 325 695 374 Muratoriano
718 323 902 372 arbitrio
935 326 1102 388 capiaS,
1140 322 1326 387 Bastlae’us
1354 336 1525 384 repre-s

107 397 333 444 hendetur
345 396 535 446 merito,
575 395 651 458 qui
676 390 751 439 fibi
769 397 855 456 pio
879 389 1144 456 Apostolicis
1173 391 1267 436 illas
1293 388 1509 436 formulas

108 464 297 514 obtrudi
331 460 472 528 passus
501 459 575 517 fit,
637 476 752 523 quae
782 459 933 522 Justim·
960 470 1103 505 aetate
1131 458 1276 504 nullae
1315 454 1509 503 fuiss‘ent.

107 531 395 580 Illud·autem
410 529 545 593 plane
567 528 758 575 alienum
779 526 863 580 est,
906 526 1030 590 quod
1057 528 1218 572 iterum
1238 525 1387 590 Iustini
1417 540 1512 570 ver-

109 597 397 663 bis'abutitnr
407 594 464 643 ad
484 594 640 643 Miss'ae'
657 598 823 642 certam
844 594 1087 641 formulam
1109 594 1171 639 illi
1194 595 1327 639 aetati
1354 590 1514 638 obtru⁴

110 664 325 721 fiendam
372 661 629 725 οἰνιςαίμεθσι
656 664 774 728 κοινῇ
803 659 968 725 ’πάντες
994 656 1068 722 καὶ
1093 660 1233 722 εὐχάς
1261 661 1511 724 πέμπομεν.

112 731 390 791 quidinde?
423 733 520 798 Nifi
542 732 624 779 iam
643 729 1284 794 constitutaefug'ffentfhcrificii
1301 731 1516 775 orationes

27 813 30 816 '
107 808 154 849 et
164 810 335 862 preces,
373 803 575 866 quomodo
601 815 768 847 tom-ors
797 803 840 846 in
868 802 921 846 iis
942 801 1160 845 recitandis
1172 797 1355 859 populus
1367 812 1515 858 perre-

58 877 65 888 ³
108 868 267 933 xiffit?
314 871 361 916 Si
377 868 801 932 antem-constitutae,
825 868 1007 932 firiptis
1026 882 1185 930 quoque
1202 867 1391 911 traditae
1410 864 1515 926 sue-

107 936 199 985 ?r‘nt
214 937 409 997 oportet:
431 997 434 999 Α
451 941 522 983 'At
541 934 643 982 istae
662 951 818 1000 preces
835 934 947 982 'nihil
968 931 1195 980 coniunffl
1213 931 1377 979 habent
1407 947 1516 976 cum

110 1003 254 1052 sacrae
275 1005 689 1065 Coenae·Liturgia,
734 999 986 1066 fimilesque
1005 1001 1106 1047 sunt
1125 1001 1214 1056 his,
1260 1016 1374 1063 quae
1396 996 1519 1061 apud

109 1090 196 1120 nos
217 1072 503 1120 subiiciuntur
521 1071 828 1119 concionibus.
931 1074 1051 1117 Nam
1080 1066 1275 1116 lestione
1296 1069 1517 1115 librorum

112 1141 336 1189 sacrorum
364 1138 493 1195 fasta,
541 1137 831 1202 antistitisq'ue
869 1137 1176 1184 admonitione
1213 1134 1267 1182 ad
1292 1134 1520 1200 populum

113 1205 262 1265 finita,
295 1208 472 1268 sui-gere
494 1209 712 1272 populum
733 1208 813 1260 ait,
847 1209 895 1253 ‘et
914 1208 1093 1270 precari.
1136 1211 1290 1267 Atque
1309 1201 1521 1266 haeipsae

113 1292 271 1342 preces
291 1275 322 1322 {i
341 1274 540 1323 submissa
548 1293 662 1322 voce
681 1272 829 1330 sagitae,
846 1275 968 1321 nulla
980 1273 1200 1321 formulae
1214 1282 1359 1318 certae
1372 1268 1520 1318 neces·

116 1343 214 1390 litas
233 1344 498 1404 intelligitur
505 1365 518 1398 ;
543 1341 610 1390 'fin
628 1344 770 1398 clara,
798 1342 923 1406 quod
943 1339 1234 1389 concefferim
1255 1340 1397 1395 facile,
1419 1354 1524 1384 cum

117 1422 166 1457 et
188 1411 426 1476 Cyprianus
445 1412 569 1457 vocis
587 1412 867 1457 mentionem
887 1409 1042 1467 faciat,
1078 1420 1124 1455 et
1146 1418 1378 1472 precantes
1399 1415 1524 1453 vetet

118 1480 324 1527 ventilare
331 1492 483 1541 preces
499 1482 713 1526 inconditis
728 1480 894 1525 vocibus
916 1476 997 1539 (de
1018 1479 1098 1524 Or.
1111 1480 1246 1522 Dom.
1271 1492 1312 1521 n.
1341 1478 1396 1537 3.)
1429 1490 1525 1520 non

119 1556 272 1594 tamen
305 1542 474 1592 necell'e
500 1543 582 1602 est,
649 1548 700 1591 v't
729 1561 756 1590 e
785 1544 949 1610 scripto
980 1544 1083 1591 disci
1120 1544 1264 1590 solitas
1297 1553 1523 1606 putemus.

123 1616 269 1668 Quam
293 1613 487 1666 multo-a,
530 1610 738 1659 credibile
761 1609 847 1668 est,
890 1614 1083 1677 antiquis
1113 1612 1198 1658 illis
1227 1610 1529 1675 temporibus,

121 1686 225 1728 'cum
247 1683 379 1727 etiam
399 1677 538 1727 doffis
559 1697 652 1727 non
672 1679 916 1729 admodum
937 1679 1192 1745 expeditum
1211 1677 1339 1733 esset,
1369 1678 1528 1742 scripta

121 1750 297 1810 legere,
335 1765 465 1812 quam
489 1749 657 1795 multos
685 1765 795 1810 ergo
824 1748 880 1795 de
906 1749 1040 1813 plebe
1057 1749 1281 1799 homines,
1320 1749 1529 1793 mulieres·

121 1819 171 1864 in
202 1817 382 1878 primiS,
426 1815 551 1863 fuiffe
581 1817 657 1879 qui
687 1816 839 1878 legere
864 1815 1022 1881 scripta
1055 1834 1146 1863 non
1175 1814 1370 1880 possent,
1425 1830 1531 1862 cum

121 1882 263 1935 hodie
279 1884 387 1930 tales
415 1885 721 1941 ÷nueniantur‚
760 1886 805 1930 in
834 1894 960 1931 tanta
985 1883 1251 1932 docentium
1278 1884 1531 1946 frequentia

126 1961 175 2000 et
193 1950 384 1998 discendi
403 1951 626 1998 facilitate.
724 1955 836 1999 Viua
866 1955 999 2015 igitur
1016 1969 1129 2000 voce
1160 1949 1305 2006 doffi,
1346 1962 1423 1997 aut
1453 1950 1532 1996 vsu

110 2017 268 2080 *longo
301 2031 348 2066 et
366 2018 630 2082 quotidiano
664 2018 895 2076 audiendi,
935 2019 1152 2067 edidicere
1180 2019 1394 2066 formulas
1426 2019 1534 2074 illas,

128 2102 281 2149 neque
305 2087 396 2132 vllo
428 2086 567 2134 modo
598 2087 812 2151 scriptura
842 2105 957 2152 opus
982 2088 1080 2136 fuit.
1177 2084 1367 2134 Potuere
1397 2088 1533 2133 etiam

127 2154 285 2202 Psalmi
305 2153 510 2201 Dauidici
527 2157 575 2201 in
594 2155 908 2203 communibus
929 2155 1135 2221 precibus
1156 2156 1372 2220 vsurpari:
1409 2153 1536 2219 quod

129 2221 244 2269 mihi
263 2222 452 2267 maxime
470 2221 637 2283 placet:
677 2233 939 2287 propterea,
984 2223 1108 2288 quod
1129 2224 1228 2271 satis
1251 2219 1441 2277 constat,
1480 2223 1536 2268 iis

129 2286 565 2339 veteremeccleliam
575 2299 621 2336 et
631 2291 679 2336 in
691 2290 890 2339 canendo
901 2293 1003 2340 etin
1013 2291 1240 2357 precando
1256 2291 1438 2336 maxime
1451 2287 1537 2336 effe

125 2357 264 2411 'vsam,
282 2372 384 2402 curn
397 2357 575 2404 mallent
585 2357 796 2405 diuinitus
816 2359 974 2424 scripta
993 2362 1039 2407 in
1050 2362 1151 2406 Deo
1175 2357 1380 2414 colendo,
1401 2375 1539 2421 quam

133 2423 348 2480 humana,
389 2422 611 2472 adbibere.
697 2427 1003 2492 Hieronymum
1021 2427 1227 2491 quidem,
1271 2442 1376 2473 cum
1396 2425 1539 2472 sacro-

134 2491 238 2542 rum
259 2490 474 2539 librorum
494 2490 739 2539 verfionem
767 2493 946 2541 latinam
966 2505 1186 2552 veterem,
1231 2511 1365 2559 quam
1400 2494 1540 2554 vulgo

136 2559 361 2614 Italicam,
392 2559 538 2607 nescio
560 2577 614 2606 an
634 2557 771 2617 reste,
809 2574 993 2617 vocant,
1033 2565 1303 2625 corrigeret,
1343 2560 1543 2608 Psalmos

138 2623 327 2674 intaaos
349 2625 568 2691 reliquiffe
583 2626 774 2686 constat,
806 2645 863 2675 ne
879 2631 1100 2694 populum
1123 2629 1429 2685 conturbaret,
1468 2628 1546 2692 qui

140 2694 207 2744 ini
225 2696 363 2744 veteri
386 2697 747 2765 interpretationi
760 2695 968 2767 adspetus
995 2696 1120 2760 aflet,
1155 2715 1295 2767 eaque
1314 2699 1361 2745 in
1384 2696 1549 2760 suppli-

1412 2774 1548 2811 catio-
