1664 3074
179 138 211 183 4
764 138 992 167 Ani-1

182 241 373 291 studium
403 252 548 291 autem
589 239 839 303 dostrinae,
906 244 978 292 vel
1017 240 1212 305 legendo
1243 245 1313 292 vel
1343 245 1582 307 cogitando

183 309 408 373 augendae
424 347 435 367 ,
476 319 647 358 tanturn
673 311 835 370 fuerat,
865 323 913 360 vt
935 329 1019 359 nec
1038 311 1300 368 valetudini,
1344 330 1429 360 nec
1451 314 1585 363 imbe-

184 381 353 429 cillitati
389 379 591 443 corporis
622 375 790 443 parfiss'e
817 378 1051 428 diceretur.

274 445 359 493 Sed
379 447 447 492 illa
468 458 805 502 veteranorum,
838 447 891 493 de
912 465 997 512 qua
1020 448 1131 501 dixi,
1166 446 1513 513 praedicatione,
1538 459 1584 496 vt

182 515 308 570 alios,
346 515 406 560 ita
436 529 510 560 me
538 516 720 577 quoque
749 516 935 562 memini
969 515 1163 570 incendi,
1199 527 1247 562 vt
1270 517 1418 576 legere
1449 532 1584 580 cupe-

181 599 276 629 rem
289 617 299 636 ‚
331 598 447 645 quae
467 579 619 628 audire
638 598 730 628 non
751 581 991 647 potuiffem
1005 619 1015 638 ,
1043 594 1091 629 vt
1104 580 1274 630 DiCtata
1293 585 1336 628 in
1352 586 1585 634 Neumanni

111 686 121 692 .
181 650 509 713 Aphorismos‚·
549 655 594 694 in
634 650 962 714 Compendium
999 648 1224 697 Historiae
1267 650 1583 697 Ecclesiasticae

184 717 510 764 Gothanumet
525 717 616 779 alia.
688 717 898 783 Descripfi
921 720 1054 766 etiam
1079 716 1312 766 Lestiones
1334 718 1388 764 de
1403 723 1583 766 Vnione

182 781 470 833 Ecclefiastica
506 784 627 843 mter
658 785 940 832 Lutheranos
979 797 1024 832 et
1051 785 1336 833 Reformatos
1379 787 1583 841 ineunda,

182 851 343 917 quibus
366 851 475 898 nihil
488 850 661 914 plenius
680 863 726 899 et
738 851 954 899 eruditius
967 855 1012 900 in
1031 853 1107 899 illo
1128 869 1291 915 genere
1302 852 1398 900 vidi.
1433 860 1581 918 Atque

181 921 249 968 his
269 917 466 981 legendis
486 918 629 966 fateor
649 930 744 966 tum
766 918 849 966 effe
870 921 978 966 mihi
991 922 1063 967 vel
1079 921 1303 968 incensum
1317 922 1385 967 vel
1403 919 1583 970 auGum

181 985 371 1035 studium
394 986 672 1048 elegantioris
694 986 922 1034 dossrinae
938 988 1272 1049 Thmlogicae,
1309 989 1591 1052 comparanti,

179 1055 295 1103 hanc
321 1054 498 1101 felicem
528 1066 574 1100 et
607 1054 856 1116 elegantem
886 1057 1061 1119 copiam
1101 1072 1206 1102 cum
1251 1055 1582 1121 compendiaria

179 1123 370 1170 aliorum
393 1124 626 1168 ieiunitate
643 1133 690 1168 et
710 1123 995 1170 elementaria
1012 1134 1286 1188 paupertate.
1356 1123 1442 1175 Sed
1476 1139 1583 1172 cum

177 1189 338 1238 eodem
367 1200 577 1254 tempore
605 1188 806 1237 audirem
839 1192 1098 1256 Bergerum,
1148 1192 1194 1237 in
1223 1187 1582 1239 Institutionibus

176 1257 495 1323 diplomaticis‚
517 1274 623 1323 quas
644 1256 716 1304 ille
738 1259 945 1312 vocabat,
968 1260 1170 1305 omnium
1192 1257 1464 1324 publicarum
1483 1259 1582 1306 lite-

176 1343 322 1373 rarum
343 1325 466 1372 vsum
483 1362 494 1382 ,
538 1325 607 1372 vel
638 1326 681 1370 in
708 1323 912 1372 historiae
932 1324 1131 1390 partibus
1160 1324 1389 1384 vniuersis,
1432 1326 1501 1374 vel
1532 1329 1580 1372 in

177 1391 377 1440 dostrina
404 1408 691 1456 quacunque,
733 1394 865 1439 etiam
895 1396 940 1439 in
961 1394 1238 1454 Theologia,
1278 1391 1578 1440 demonstran·

176 1472 292 1517 tem,
350 1459 749 1523 adfirmantemque
789 1461 956 1507 nullam
990 1460 1254 1522 dogma-tum
1290 1459 1577 1524 publicorum

174 1526 259 1576 effe
280 1539 448 1574 certam
470 1525 716 1581 historiam,
760 1526 841 1573 nifi
861 1545 974 1590 quae
998 1546 1022 1574 a
1044 1528 1348 1575 Conciliorum
1370 1538 1414 1573 et
1434 1529 1576 1574 Lit'ur-

175 1591 367 1659 gnitum,
421 1598 595 1655 Legum
627 1595 760 1639 etiam
791 1593 989 1640 fontibus
1031 1594 1294 1640 duceretur:
1345 1593 1576 1641 aduertere

174 1665 372 1710 animum
402 1663 448 1708 in
481 1658 568 1707 istis
591 1661 792 1707 Ianianae
818 1658 1044 1707 dostrinae
1071 1662 1269 1725 reliquiis
1301 1663 1484 1708 maxime
1511 1676 1575 1718 eag

175 1732 220 1777 in
241 1730 403 1795 quibus
435 1745 541 1775 eum
571 1729 788 1774 rationem
821 1729 935 1774 hanc
959 1728 1158 1776 secutum
1185 1727 1407 1776 videbam:
1451 1728 1574 1794 quod

175 1798 338 1845 fecerat
360 1799 549 1843 maxime
570 1797 614 1842 in
636 1795 738 1842 loco
771 1795 825 1842 de
847 1793 1132 1851 Eucharistia,
1176 1795 1247 1843 vbi
1271 1799 1571 1858 Liturgiarum

174 1876 376 1925 veterum
398 1861 653 1910 austoritate
674 1861 887 1910 Ecclefiae
907 1861 1076 1910 nostrae
1105 1863 1364 1911 sententiam
1378 1865 1448 1911 vel
1473 1865 1571 1912 illu·

172 1931 345 1986 strarat,
376 1932 442 1978 vel
465 1930 744 1986 defenderat3
779 1929 903 1994 quod
925 1947 1029 1977 eum
1053 1933 1184 1978 etiam
1209 1931 1383 1979 duobus
1404 1931 1570 1979 Acade-

173 2002 298 2048 micis
326 1996 482 2063 libellis
515 1995 658 2065 feciise
694 2015 786 2044 non
814 2000 1002 2058 ignoras.
1102 2001 1300 2046 Primum
1338 2009 1433 2046 tum
1462 1999 1572 2047 mihi

173 2070 353 2130 cognita
369 2066 467 2122 sunt
493 2062 655 2122 Bonae,
685 2067 943 2122 Renaldotii‚
985 2067 1129 2113 Brutti
1149 2076 1195 2112 et
1213 2068 1402 2116 aliorum
1424 2067 1568 2114 Litur·

173 2137 374 2198 gicorum
399 2133 660 2197 scriptorum
681 2134 862 2179 nomina
877 2169 887 2189 ‚
937 2144 983 2180 et
1003 2132 1131 2181 simul
1150 2132 1337 2182 studium
1355 2132 1569 2182 iniestum

175 2198 424 2266 Liturgicae
444 2203 529 2256 rei,
559 2217 689 2265 quae,
727 2210 774 2246 vt
793 2200 884 2246 fere
914 2199 1071 2248 solent.
1118 2218 1233 2265 quae
1253 2205 1395 2268 prima
1423 2211 1568 2250 aetate

171 2269 451 2322 adamantur,
472 2264 643 2332 semper
661 2265 808 2332 postea
827 2285 972 2333 prope
991 2285 1096 2332 prae
1116 2271 1271 2316 ceteris
1290 2269 1566 2328 antiquitatis

172 2334 488 2394 Ecclefiasticae
511 2334 708 2400 partibus
730 2337 836 2387 mihi
866 2337 1056 2383 iucunda
1081 2337 1176 2384 fuit.
1279 2341 1430 2400 ltaque
1459 2352 1566 2384 cum

170 2416 275 2452 ante
310 2405 478 2467 aliquot
514 2420 655 2449 annos
687 2421 726 2449 L.
757 2421 802 2449 A.
834 2421 1202 2460 MvnAromvs,
1255 2399 1466 2455 clarissimi
1499 2405 1566 2450 vir

171 2473 384 2526 nominis,
416 2469 504 2516 duo
525 2471 973 2517 sacramentariorum
995 2483 1195 2518 veterum
1220 2471 1469 2526 volumina,
1492 2472 1564 2519 Li-

167 2543 331 2606 turgiar
359 2540 573 2586 Romanae
606 2538 772 2585 Veteris
802 2539 1005 2593 nomine,
1055 2535 1271 2594 edidiss‘et,
1324 2541 1371 2585 in
1399 2536 1560 2604 quibus

167 2605 320 2665 effent,
350 2599 510 2681 quibus
532 2604 675 2651 adhuc
704 2603 952 2663 caruissem,
986 2605 1145 2671 cupide
1169 2608 1257 2653 emi
1278 2622 1411 2672 opus,
1436 2621 1560 2670 prae-

1400 2673 1559 2723 sertim,

1662 2475 1664 2496 Ι’

1661 2497 1664 2520 1
