1682 3068
220 176 315 224 124
626 179 1194 212 tuimur-arxe

216 285 279 331 ita
302 293 504 349 coeptam
525 280 609 330 effe
633 285 860 349 explicari,
894 296 941 333 vt
961 304 1031 343 re,
1077 296 1124 335 et
1152 288 1193 335 vi
1217 295 1322 335 vera?
1348 290 1612 353 praesentiae

217 351 403 407 sublata,
435 369 605 400 merum
627 369 790 400 nomen
807 353 1155 417 relinqueretur,
1186 371 1372 420 eamque
1391 360 1611 407 rationem

216 422 278 466 ita
305 419 481 482 serpere
511 431 556 467 et
586 423 817 486 propagari
846 438 929 487 per
960 421 1232 487 disciplinam
1265 421 1517 481 dossorum,
1561 436 1612 472 vt

215 486 463 538 verendum
486 486 557 543 sit,
595 506 653 535 ne
674 489 822 553 paullo
845 486 942 553 post
960 494 1143 537 miretur
1163 489 1353 538 Ecclesia
1376 489 1540 549 nostra,
1567 494 1611 540 se

215 569 362 619 prope
380 564 520 602 totam
542 556 869 613 ‘Zwinglianam
900 555 1055 604 faaam
1085 556 1179 605 effe.
1276 561 1326 605 In
1356 576 1445 622 quo
1475 561 1611 608 etiam

212 621 332 669 aliud
354 623 489 669 maius
522 625 766 686 periculum
802 627 1071 686 proponitur
1090 624 1313 673 doRrinae
1339 626 1478 674 sacrae
1500 629 1608 674 veri-

211 691 316 746 tati,
338 700 387 736 vt
409 687 613 754 posthaec
633 689 1036 739 demonstrabimus.
1085 695 1135 741 Ei
1156 695 1294 755 igitur
1311 695 1427 741 malo
1450 710 1608 742 occur-

211 773 332 811 rere,
354 767 565 821 quantum
586 761 630 804 in
649 759 777 806 nobis
797 757 920 814 esset,
943 761 1166 808 voluimus
1180 798 1191 817 ,
1227 763 1387 825 partim
1407 761 1608 810 cauendo

209 827 275 882 iis,
295 826 368 885 qui
386 824 455 872 vel
482 825 681 872 nondum
701 827 861 874 imbuti
882 825 1023 874 essent
1043 829 1115 876 tali
1137 830 1363 894 opinione,
1398 839 1443 874 et
1460 828 1606 877 adhue

210 889 407 940 abessent
435 891 488 938 ab
519 893 679 940 erroris
709 897 966 958 pertinacia,
1010 898 1167 959 partim
1195 895 1478 943 admonendo
1510 896 1605 955 hos,

207 961 284 1022 qui
301 958 415 1005 bona
433 957 520 1005 fide
538 977 735 1008 errorem
753 962 888 1009 talem
911 974 1138 1019 tenerent,
1171 974 1420 1028 putentque
1436 964 1478 1009 se
1498 969 1604 1012 curn

203 1028 394 1076 Luthero
412 1027 457 1072 in
481 1030 564 1074 hac
584 1028 723 1076 caussa
744 1030 925 1084 sentire,
965 1048 1069 1078 cum
1098 1048 1146 1077 re
1179 1048 1280 1077 vera
1306 1029 1435 1077 abeo
1465 1030 1604 1092 longe

203 1092 482 1141 discesserint.
580 1096 719 1152 Quod
738 1114 820 1144 nos
842 1100 1112 1162 sperauimus
1130 1096 1408 1162 perfesturos
1425 1095 1530 1155 effe,
1569 1096 1604 1144 fi

197 1161 462 1209 sententiam
493 1179 638 1210 veram
661 1163 875 1212 Ecclesiae
905 1165 1077 1212 nostrae
1106 1182 1210 1213 cum
1241 1166 1324 1212 suis
1355 1163 1600 1213 rationibus

201 1229 396 1276 breuiter
428 1242 755 1294 repeteremus,
810 1244 856 1281 et
880 1235 1010 1280 nouis
1036 1235 1102 1280 rei
1133 1232 1414 1299 explicandae
1455 1232 1602 1281 modis

196 1295 473 1352 refellendis,
505 1297 791 1348 firmaremus

274 1417 398 1467 ,Nec
421 1430 527 1462 vero
543 1415 658 1471 illud
681 1432 763 1462 nos
784 1433 941 1479 parum
962 1414 1013 1464 ad
1031 1416 1121 1464 hoc
1142 1414 1354 1472 scribendi
1372 1412 1598 1464 confilium

197 1482 402 1545 impulit,
440 1480 563 1545 quod
589 1500 680 1530 non
702 1483 839 1531 modo
871 1487 915 1531 in
946 1495 1074 1549 parte
1103 1501 1175 1539 ea,
1205 1501 1336 1548 squae
1367 1485 1597 1530 veritatem

196 1549 489 1615 praesentiae,
539 1551 610 1597 vel
642 1552 882 1615 praesentis
923 1554 970 1598 in
1001 1556 1152 1600 Coena
1180 1550 1292 1598 sacra
1318 1551 1518 1613 corporis
1549 1561 1596 1597 et

195 1618 417 1677 sanguinis
447 1620 481 1663 I.
513 1621 569 1664 C.-
588 1619 734 1682 palam
765 1628 1019 1683 oppugnat,
1065 1634 1367 1682 repereramus
1399 1614 1594 1672 subinde,

194 1687 275 1749 qui
294 1684 367 1730 vel
386 1683 643 1732 sententiam
675 1682 1150 1733 nostramlabefastare
1169 1695 1435 1732 conarentur
1461 1686 1594 1731 ratio·

192 1751 327 1799 nibus
349 1752 412 1805 iis,
439 1769 551 1816 quae
573 1753 763 1817 speciem
786 1751 946 1800 habere
966 1751 1141 1816 possent
1161 1751 1279 1816 apud
1302 1767 1457 1817 parum
1478 1752 1592 1815 peri-

191 1830 265 1868 tos
284 1822 460 1875 terum,
499 1820 568 1866 vel
590 1832 731 1867 totam
757 1837 852 1868 rem
877 1821 1039 1867 nullius
1060 1821 1282 1868 momenti
1298 1817 1382 1866 effe
1400 1817 1454 1864 ad
1471 1819 1587 1866 sum-

192 1902 312 1938 mam
334 1887 562 1948 religionis
585 1887 899 1945 defenderent,
918 1899 1051 1952 atque
1072 1889 1128 1935 ita
1149 1888 1464 1948 negligentiam
1477 1886 1591 1933 caus-

191 1955 262 2004 sae
280 1953 501 2016 vniuersae
520 1954 730 2002 inducere
749 1965 995 2011 tentarent3
1037 1955 1107 2001 sed
1131 1958 1258 2002 etiam
1278 1956 1392 2001 inter
1412 1948 1588 2001 nostros

191 2025 424 2073 extiterant
438 2059 450 2080 ,
479 2024 555 2086 qui
576 2024 646 2070 vel
668 2023 810 2087 palam
833 2041 856 2070 a
876 2023 1005 2070 nobis
1026 2020 1336 2079 dissentiendo,
1367 2020 1438 2069 vel
1456 2019 1585 2084 suspi-

186 2092 341 2139 ciones
361 2085 567 2147 serendo,
601 2089 910 2138 labefafftarent
931 2092 1101 2138 animos
1122 2091 1385 2144 multorum,
1417 2097 1491 2134 aut
1513 2088 1587 2134 sal-

189 2171 284 2208 tem
303 2160 347 2206 in
368 2173 522 2219 graues
543 2171 588 2205 et
608 2157 810 2205 molestas
820 2157 1117 2205 dubitationes
1130 2160 1414 2206 coniicerent.
1451 2155 1587 2202 Enim

184 2243 330 2282 vero,
357 2236 426 2282 vt,
468 2227 513 2272 in
535 2238 654 2274 cei-,ta
671 2242 779 2290 pace
800 2243 918 2273 arma
937 2243 1141 2282 mouere,
1181 2226 1248 2272 vel
1265 2224 1584 2289 superuacuum
1607 2227 1610 2231 '

188 2294 260 2343 vel
281 2296 481 2358 iniquum
503 2290 586 2350 est3
652 2311 754 2341 cum
786 2295 855 2341 alii
874 2311 1084 2348 rnouere,
1122 2290 1314 2340 studium
1346 2291 1584 2338 securitatis

187 2361 380 2410 tuendae
408 2371 452 2408 et
483 2358 722 2408 honestum
750 2371 795 2408 et
834 2359 1113 2408 necessarium
1142 2359 1277 2407 videri
1318 2357 1471 2405 debet:
1523 2358 1583 2404 ita

186 2429 316 2477 nobis
339 2445 522 2493 quoque
543 2430 699 2483 licere,
745 2439 791 2475 et
809 2427 1042 2476 honestum
1067 2427 1204 2474 videri
1229 2425 1380 2480 debet,
1421 2425 1467 2470 in
1501 2424 1581 2470 illo

182 2498 376 2550 aliorum
398 2508 577 2554 conatu,
614 2495 796 2544 subinde
818 2496 1150 2560 circumspicere
1172 2496 1445 2558 munimenta
1465 2489 1593 2536 caus·'

186 2566 254 2613 sae
276 2561 466 2618 nostrae,
499 2583 546 2611 ea
567 2563 844 2620 conseruare,
880 2563 1072 2621 firmare,
1103 2578 1287 2625 augere,
1313 2571 1359 2608 et
1375 2558 1580 2607 aduersus

186 2632 257 2680 vel
275 2633 363 2680 vim
383 2631 451 2678 vel
471 2631 638 2680 insidias
663 2630 915 2682 defendere.
1181 2637 1187 2641 '

1490 2712 1577 2765 Sed
