1682 3068
151 150 250 203 166
481 165 546 198 m:
581 163 925 206 »namuuru-
948 148 1208 196 censorem

149 271 335 326 firmitas
361 268 486 328 fidei,
530 288 669 336 quae,
707 282 757 320 vt
790 270 853 320 est
882 288 1093 334 magnum
1126 270 1322 330 bonum,
1369 271 1430 319 ita
1455 287 1552 320 non

149 337 460 395 necessarium,
492 356 576 386 nec
598 338 717 404 quod
737 338 945 391 omnibus
969 340 1224 401 contingat;
1272 338 1422 386 saltem
1455 355 1553 388 non

151 405 270 456 deest
288 407 410 455 bona
430 407 635 455 voluntas
657 406 866 456 credendi
890 410 1082 471 penitus,
1101 405 1132 453 si
1154 407 1222 454 vel
1244 406 1401 454 melius
1419 407 1554 455 intel-

150 477 260 538 ligat
280 485 565 536 argumenta,
612 475 683 522 vel
704 476 886 523 meliora
905 478 1097 538 reperiat
1110 511 1121 530 ,
1165 474 1357 538 denique
1375 471 1405 519 si
1425 473 1555 522 dubi-

149 542 275 592 tandi
293 541 461 591 caussae
491 542 590 590 tolli
610 542 813 591 docendo
845 542 1021 608 poffint.
1122 545 1190 588 Ac
1217 541 1350 588 docet
1379 541 1475 589 vsus
1506 550 1558 596 et

152 613 441 676 experientia,
481 607 662 666 caussam
685 611 783 659 talis
809 611 913 657 mali
937 608 1019 656 effe
1049 609 1139 656 fere
1160 610 1205 655 in
1224 626 1388 671 genere
1406 607 1554 673 poste-

152 681 280 728 riori.
345 684 408 726 At
426 680 521 742 quis
545 676 617 732 est,
653 679 732 741 qui
752 695 846 724 non
869 677 1094 724 interdum
1114 686 1315 724 tentetur
1334 678 1381 723 in
1403 677 1558 740 aliquox

151 763 324 810 ,genere
344 743 567 794 do&riuae
588 743 937 792 dubitationibus
951 781 962 801 ‚
1007 761 1109 791 cum
1131 746 1281 806 magni
1300 744 1363 790 illi
1381 744 1560 802 heroes,

157 815 395 870 Lutlzerus,
429 814 742 871 Melanchthon,
786 823 831 859 et
858 813 950 869 alii,
990 810 1034 858 id
1066 811 1138 858 sibi
1158 812 1355 858 accidere
1374 807 1558 859 confeffi

154 880 265 937 sint,
282 913 286 915 >
306 891 353 928 et
372 877 545 945 questi?
615 878 830 945 Ass‘aphus
863 882 993 926 etiam
1017 878 1071 925 de
1092 878 1375 944 prouidentia
1407 878 1558 925 diuina

155 947 236 996 diu
254 948 490 1004 dubitauit,
529 946 651 1011 quod
669 965 737 995 res
758 946 963 994 secundas
985 948 1224 1010 impiorum
1247 962 1348 994 cum
1379 963 1427 992 ea
1461 962 1559 995 non

152 1012 299 1087 posset
319 1015 575 1069 conciliare,
607 1013 742 1079 idque
760 1031 900 1075 genus
923 1012 1210 1060 dubitationis
1231 1013 1439 1077 frequens
1458 1012 1560 1069 effe,

153 1083 218 1131 ait
235 1083 362 1147 Apol.
383 1083 440 1129 A.
461 1082 508 1129 C.
521 1100 571 1144 p.
592 1100 645 1129 m.
673 1098 692 1127 1
706 1099 776 1140 53.
812 1079 870 1128 ob
890 1079 1048 1127 similes
1072 1077 1351 1131 difficultates
1374 1093 1420 1127 et
1441 1080 1560 1127 caus-

154 1150 234 1199 sas,
331 1152 389 1196 Et
416 1148 711 1197 dubitationes
733 1148 842 1196 tales
863 1147 1206 1195 suntinterdum
1225 1148 1440 1204 fortuitis,
1485 1145 1561 1197 sed

154 1216 396 1269 latentibus
426 1227 472 1263 et
500 1215 693 1264 obscuris
722 1215 778 1263 de
806 1215 977 1271 cauffis,
1024 1214 1265 1263 admodum
1293 1216 1560 1280 pertinaces,

153 1300 242 1332 nec
260 1282 403 1331 statim
426 1283 592 1330 cedunt
611 1281 851 1331 certiffimis
871 1285 1157 1344 argumentis.
1225 1284 1367 1343 Igitur
1389 1283 1563 1346 patien-

154 1354 219 1399 tia
240 1368 354 1417 opus
372 1349 456 1410 est,
483 1350 592 1398 dum
613 1362 689 1399 aut
710 1350 1060 1399 dubitationibus
1079 1352 1168 1397 vim
1192 1348 1340 1397 demat
1359 1349 1464 1406 dies,
1483 1358 1563 1397 aut

152 1418 384 1468 bonorum
404 1429 771 1480 argumentorum
791 1421 854 1466 vis
874 1418 917 1465 se
941 1418 1136 1464 exserere
1165 1416 1314 1483 poffit,
1355 1414 1479 1480 quod
1495 1425 1560 1462 >et

159 1486 306 1552 ipsum
326 1503 421 1538 non
441 1486 614 1551 semper
631 1485 682 1533 fit
700 1497 908 1550 repente,
943 1487 1013 1533 vel
1033 1485 1135 1542 alia,
1177 1494 1297 1532 certe
1317 1483 1434 1548 apud
1450 1481 1566 1534 illud.

159 1556 406 1616 ingenium,
426 1550 676 1601 efficaciora
692 1555 984 1617 reperiantur,
1004 1569 1115 1617 quae
1137 1551 1391 1616 requirendi
1409 1549 1565 1597 volun-

159 1631 230 1669 tas
246 1632 294 1668 et
313 1619 506 1669 studium
525 1622 601 1667 tali
621 1623 715 1667 viro
735 1638 829 1668 non
851 1618 1001 1666 deerit·
1055 1623 1220 1683 Neque
1236 1636 1340 1666 vero
1360 1617 1563 1665 dubitan-

160 1689 271 1736 dum
293 1687 367 1746 est,
402 1689 578 1735 homini
592 1689 638 1734 in
659 1690 817 1734 ceteris
837 1685 1077 1734 necessariis
1099 1684 1315 1751 capitibus
1338 1684 1567 1745 dostrinae

158 1754 284 1809 reste
305 1755 529 1815 sentienti,
571 1766 618 1814 et
637 1756 735 1818 pio,
769 1757 965 1802 Coenam
986 1753 1146 1801 sacram
1164 1751 1564 1815 frustuosamlfore.

158 1826 282 1871 Nam
298 1820 377 1870 etsi
396 1824 562 1870 amittit
571 1825 902 1869 Sacramentum
915 1820 1031 1886 apud
1050 1838 1152 1868 eum
1162 1819 1411 1876 efficaciam,
1427 1836 1569 1885 quam

159 1891 204 1955 §.
235 1906 310 1946 25.
350 1888 677 1954 descripfimus3
745 1900 894 1936 tamen
924 1890 1192 1954 relinquitur
1219 1889 1380 1944 altera,
1423 1902 1566 1951 eaque

161 1960 299 2006 etiam
317 1959 468 2012 maior,
491 1956 610 2021 quod
629 1973 720 2003 non
742 1959 887 2004 minus
910 1958 1065 2003 ceteris
1089 1958 1279 2021 percipit
1301 1972 1456 2004 verum
1468 1971 1567 2002 cor-

160 2043 247 2092 pus
268 2036 316 2072 et
333 2025 589 2086 sanguinem
611 2022 793 2080 Christi,
822 2025 947 2070 cuius
969 2024 1210 2087 praesentia
1229 2020 1290 2070 est
1310 2041 1335 2070 e
1354 2019 1567 2087 promisso

162 2091 345 2149 Christi,
379 2109 471 2139 non
495 2094 710 2156 opinione
729 2089 896 2148 nostra,
931 2108 1014 2138 nec
1031 2090 1287 2139 infirmitate
1307 2089 1408 2137 fidei
1427 2100 1474 2137 et
1491 2089 1572 2139 alia

162 2178 251 2226 qua
273 2162 346 2209 tali
366 2158 639 2208 dubitatione
658 2159 756 2206 tolli
788 2155 955 2222 potest;
998 2169 1043 2206 et
1060 2160 1105 2205 in
1126 2175 1175 2206 ea
1193 2156 1401 2206 sumenda
1418 2167 1568 2214 tamen

164 2228 309 2292 aliqua
328 2229 584 2274 exercitatio
608 2224 707 2272 fidei
729 2227 1018 2290 relinquitur,
1038 2227 1177 2290 qualis
1197 2225 1258 2272 est
1277 2242 1302 2272 e
1318 2224 1410 2272 solo
1423 2222 1568 2271 verbo

165 2297 256 2344 Dei
311 2306 432 2342 extra
478 2297 812 2341 Sacramentum
836 2328 847 2349 ,
914 2291 967 2339 ab
1019 2293 1334 2342 admonitione.
1373 2302 1570 2353 externa.

166 2365 383 2411 Ceterum
407 2362 479 2408 sua
505 2361 662 2426 sponte
681 2361 964 2421 intelligitur,
1009 2359 1041 2407 fi
1071 2358 1310 2409 constantia
1327 2354 1572 2411 'dubitandi

168 2429 369 2487 accedat,
399 2430 524 2476 aliter
543 2427 823 2488 iudicandum
845 2424 953 2475 effe:
993 2426 1115 2492 quod
1139 2427 1262 2474 nulla
1278 2422 1378 2473 talis
1394 2423 1569 2473 dubita-
1604 2468 1608 2469 γ

167 2497 233 2544 tio
254 2494 315 2542 est
331 2507 548 2562 perpetua
568 2498 613 2541 in
626 2498 776 2543 auimo
789 2512 892 2542 vere
912 2496 988 2560 pio
1010 2506 1057 2542 et
1075 2494 1263 2544 verbum
1273 2493 1359 2541 Dei
1367 2492 1571 2554 religiose

168 2561 397 2618 trastant‘13
467 2580 604 2628 quem
639 2579 868 2628 nunquam
898 2564 959 2610 ita
987 2561 1184 2614 destituit
1208 2563 1276 2612 vis
1300 2558 1469 2616 diuina,
1520 2569 1573 2608 vt

173 2627 523 2679 dubitationibus
541 2629 962 2696 planesuecumbat.
1492 2693 1550 2744 Al
