1682 3068
110 194 208 241 324
584 195 655 224 ni:
696 189 1078 229 tarsen-'mua

105 303 215 355 tim,
258 297 290 346 si
320 301 438 347 iniis
461 296 509 346 sit
529 301 672 364 aliqua
701 301 863 368 species
881 303 1174 360 a‘feuerit'nte,
1221 302 1408 360 tristitia,
1454 308 1511 353 la-

107 368 222 415 bore
249 379 294 414 et
315 366 508 414 molestia
531 366 733 424 aRioni33
776 381 916 434 vtque
943 374 1069 418 malit
1090 389 1244 418 eorum
1267 370 1508 420 molestiam

105 447 153 483 et
172 433 371 482 laborem
394 435 558 493 subire,
604 454 736 500 quam
765 439 962 484 internae
994 443 1169 503 pietatis
1199 450 1247 486 et
1275 438 1512 489 sanstitats

104 521 220 568 opus
242 503 454 567 suscipere
474 520 523 550 ac
552 504 706 551 facere.
811 510 932 554 Nam
961 510 1006 553 in
1040 508 1121 552 illis
1149 512 1352 572 corporis
1382 509 1510 554 vnius

101 581 254 637 partes
277 571 400 628 sunt,
439 571 560 635 quod
593 571 760 618 facilius
793 574 837 618 in
870 572 1087 636 potestate
1111 573 1344 629 habemus,
1389 586 1435 622 et
1464 574 1509 622 id

102 639 310 686 molestiis
331 639 567 686 tolerandis
589 640 816 704 paullatim
839 641 1179 701 adsuefacimus;
1226 646 1269 687 in
1300 642 1389 688 hoc
1418 644 1506 688 ani-

101 722 201 753 mus
224 706 520 762 coercendus,
560 718 606 752 et
637 707 949 770 cupiditatibus
974 711 1033 754 vis
1064 709 1258 756 facienda
1279 707 1360 766 est,
1402 725 1505 774 qua-

99 790 201 821 rum
223 773 422 821 suauitati
441 773 643 820 adsuetus
664 772 726 820 est
746 777 939 822 animus:
982 786 1073 839 quo
1102 778 1211 824 nihil
1230 779 1403 837 aegrius
1425 778 1506 823 ho-

31 864 34 867 *
98 844 243 887 mines
266 843 585 905 perpetiuntur.
659 845 814 904 Itaque
834 841 1143 897 existimamus,
1187 847 1381 890 cautiora
1417 842 1505 892 effe

96 906 291 955 instituta
309 925 379 963 ea,
413 925 523 972 quae
545 923 635 954 non
661 907 848 956 habeant
868 911 1002 956 talem
1026 910 1236 973 speciem,
1268 929 1349 975 per
1369 929 1502 975 quam

95 976 272 1030 fallere,
315 978 449 1022 etiam
479 993 571 1022 non
595 977 760 1032 malos,
803 976 989 1041 possint,
1028 989 1072 1023 et
1093 989 1245 1024 tamen
1266 978 1524 1027 inseruiaut'

97 1042 348 1109 disciplinae
370 1042 515 1091 vfibus
537 1046 583 1090 et
601 1042 803 1090 consiliis.
1432 1062 1437 1064 ·

201 1193 279 1236 29.
325 1176 409 1225 Sed
436 1194 589 1224 eorum
619 1173 939 1233 institutorum,
980 1193 1092 1242 quae
1121 1178 1212 1224 huc
1238 1179 1502 1243 pertineant,

90 1244 325 1294 'confilium
348 1245 443 1292 fere
463 1244 623 1308 duplex
645 1242 731 1300 est3
782 1246 998 1308 primum,
1028 1257 1074 1291 vt
1099 1245 1290 1292 habeant
1307 1248 1500 1310 aliquam

89 1316 183 1362 vim
209 1311 483 1359 admonendi
513 1315 556 1358 in
587 1311 720 1358 rebus
747 1314 817 1365 iis,
859 1329 1045 1375 quarum
1069 1311 1226 1360 crebro
1254 1311 1500 1360 meminisse

88 1378 255 1446 Prosit,
285 1392 361 1426 aut
383 1379 551 1426 necess'e
570 1378 640 1435 ἦτ’,
711 1386 758 1426 vt
779 1379 920 1426 sensus
941 1380 1122 1426 alicuius
1143 1382 1229 1446 pii,
1261 1382 1499 1445 praecepti,

90 1445 231 1495 officii
250 1459 336 1494 cet.
368 1446 634 1503 secundum,
667 1458 715 1493 vt
736 1449 780 1492 in
805 1449 853 1492 iis
872 1446 969 1494 insit
989 1444 1128 1511 aliqua
1150 1451 1425 1512 praeparatio
1443 1447 1497 1495 ad

16 1510 19 1514 ⁵
89 1513 288 1562 ustiones
311 1531 514 1576 magnas,
563 1528 607 1561 et
629 1531 763 1577 opera
785 1517 935 1572 grauia
962 1518 1131 1578 pietatis
1161 1527 1208 1562 et
1230 1515 1385 1570 officii,
1429 1516 1496 1562 in-

86 1584 244 1649 primis
269 1599 348 1647 pet
365 1583 584 1647 quandam
605 1580 960 1628 assuefaffionem
981 1582 1033 1628 ad
1058 1581 1273 1639 afflones,
1301 1581 1495 1629 similitu-

91 1650 245 1698 dinem
276 1650 466 1713 aliquam
498 1663 599 1696 cum
628 1650 712 1695 illis
743 1649 980 1697 habentes:
1026 1651 1235 1703 tertium,
1279 1659 1327 1695 vt
1354 1649 1408 1694 ab
1442 1650 1496 1695 iis

88 1718 303 1783 quaedam
342 1719 544 1764 nascatur
578 1714 907 1763 commendatio
947 1733 1096 1761 rerum
1138 1713 1416 1763 honestarum
1448 1727 1496 1762 et

87 1783 347 1834 [anetarum.
448 1785 595 1831 Facile
615 1795 764 1839 autem
787 1783 1069 1843 intelligitur,
1106 1781 1298 1829 instituta
1329 1785 1492 1840 omnia,

85 1858 204 1919 'quae
223 1853 357 1899 talem
376 1851 565 1915 aliquam
588 1853 673 1897 vim
698 1849 915 1905 habeant,
951 1849 1036 1896 ess‘e
1055 1851 1172 1897 vtilia
1190 1849 1377 1898 studioso
1400 1853 1491 1916 pie-

86 1923 191 1967 tatis
213 1929 259 1965 et
277 1917 533 1977 faustinus,
571 1918 600 1964 fi
621 1918 672 1964 ad
698 1917 921 1965 eiusmodi
953 1916 1126 1964 consilia
1150 1920 1192 1964 in
1214 1918 1286 1965 vsu
1316 1919 1410 1983 ipso
1443 1927 1491 1964 et

88 1986 189 2035 agiu
209 1987 467 2034 referantur.
549 1989 606 2032 Et
626 1985 682 2031 de
711 1987 859 2049 primo
885 1984 1065 2048 quidem
1088 2002 1253 2046 genere
1267 2001 1336 2032 res
1360 1985 1422 2032 est
1441 1987 1489 2033 in

86 2065 299 2120 promtu,
334 2057 466 2101 etiam
488 2071 568 2118 per
588 2065 822 2118 praecepta
842 2051 996 2106 diuina,
1030 2053 1226 2100 iubentia
1244 2050 1490 2100 meminisse

86 2139 238 2169 earum
253 2159 263 2178 ,
295 2140 402 2187 quas
424 2121 631 2178 diximus,
664 2137 826 2168 rerum.
859 2137 1045 2184 eamque
1067 2120 1125 2167 ob
1147 2118 1331 2167 caussam
1352 2123 1488 2168 etiam

87 2190 453 2237 commendantia
474 2190 800 2236 admonitiones
824 2187 876 2233 ab
898 2186 1103 2234 institutis
1128 2188 1312 2244 idoneis,
1349 2189 1487 2251 quali!

83 2260 207 2304 Deus
228 2259 494 2304 nominatim
516 2256 851 2303 commendauit
870 2256 1085 2310 Isra'elitiS,
1123 2265 1171 2302 vt
1200 2258 1382 2303 Dente-n·
1408 2252 1486 2311 Vl,

83 2341 132 2382 7·
159 2335 198 2378 8.
222 2342 263 2383 9-
318 2327 382 2373 Et
411 2326 507 2372 haec
530 2323 758 2388 praecepta
787 2328 827 2370 in
857 2332 988 2370 mente
1012 2327 1243 2377 recondito,
1282 2326 1330 2369 de
1355 2325 1486 2386 iisque

71 2393 396 2455 ιΙῗηηηοιὶηαίον,
431 2411 554 2456 qun-m
574 2393 866 2455 domifhdebir,
901 2400 977 2437 aut
992 2405 1075 2451 per
1092 2393 1202 2437 viam
1220 2393 1388 2445 incedes,
1406 2398 1483 2436 aut

81 2462 124 2506 in
147 2461 247 2506 Ζεῦἶο
270 2464 527 2514 recubueris,
567 2469 641 2507 aut
662 2465 709 2506 de
727 2464 864 2506 eodem
884 2460 1156 2522 surrexeris:
1199 2466 1284 2504 tum
1310 2473 1412 2505 vero
1433 2471 1482 2503 ea

83 2528 280 2590 deligahis
299 2531 487 2574 manibus
507 2531 613 2584 tuis,
649 2530 889 2575 admonendi
907 2526 1053 2589 cauffiz,
1087 2535 1128 2572 et
1146 2528 1189 2572 in
1206 2527 1361 2587 fronte,
1371 2525 1482 2587 scri·

80 2597 227 2657 besque
247 2604 286 2639 et
305 2597 346 2640 in
354 2595 528 2655 foribus
548 2605 588 2641 et
607 2599 647 2641 in
661 2597 804 2655 portis
825 2597 995 2641 aedium.
1029 2596 1205 2640 Etenim
1218 2592 1340 2638 facile
1351 2588 1479 2636 nobis

79 2659 252 2709 obliuio
273 2663 396 2709 venit
415 2677 561 2709 rerum
586 2660 966 2720 sanfiliffimarum‚
1009 2658 1176 2709 consilii
1196 2659 1326 2706 etiam
1345 2655 1479 2705 nostri

1429 2735 1480 2772 et
