1650 3060
184 186 282 239 538
411 199 413 201 ·
488 193 554 223 nn:
592 190 868 224 ves-rmus
904 175 1308 228 nnovmzn'rmz‘

184 298 526 360 gratulationem
540 296 680 346 facere
700 298 926 357 debemus,
936 310 984 348 vt
1005 299 1056 348 fit
1075 300 1128 348 ab
1152 294 1352 350 nouitate
1374 305 1486 352 tanti
1506 302 1587 354 bo:

183 368 233 414 ni
252 368 407 412 laetior
426 377 559 429 atque
576 365 833 431 efficacior?
861 366 964 430 quid
984 385 1121 433 porro
1143 362 1396 431 diligentius
1418 388 1469 418 ac
1488 374 1587 421 reli-

186 432 360 495 giosius,
394 445 442 481 vt
471 433 634 481 decora
661 433 711 481 sit
739 432 994 498 professioni
1023 434 1195 483 nostrae
1227 437 1591 498 Christianorum,

186 501 348 549 decora
369 518 474 549 vero
495 504 625 548 etiam
647 502 888 567 sapientiae,
899 504 1025 551 cuius
1048 506 1232 551 nomine
1248 522 1299 551 ac
1317 503 1463 552 studiis
1483 524 1588 554 cen-

186 568 356 616 semur:
390 586 476 614 nec
495 568 632 616 modo
659 571 957 618 communiter
979 587 1083 618 cum
1107 574 1243 636 patria
1273 574 1482 628 vniuersa,
1515 574 1590 622 sed

188 639 323 684 etiam
357 639 564 701 proprie:
606 647 731 684 tanto
761 639 900 698 magis
919 641 1114 702 proprie,
1151 640 1287 698 Ciues,
1316 652 1481 704 quanto
1500 659 1589 688 ma-

188 707 256 766 gis
278 707 480 770 proprias
498 704 693 760 laetandi
720 714 767 752 et
784 708 1019 766 gratiarum
1039 706 1310 768 agendarum
1329 706 1497 758 caussas*
1511 710 1586 758 ha·

187 771 359 820 bemus.

289 909 530 956 Enimuero
551 909 795 972 plurimum
827 909 974 966 refert,
1006 911 1158 958 animo
1179 910 1232 958 ab
1254 912 1374 958 sensu
1400 920 1445 959 et
1464 914 1588 973 cogi-

189 977 365 1023 tatione
395 993 545 1023 rerum
577 975 629 1022 ad
652 977 928 1041 praesentem
956 981 1174 1040 temporis
1203 981 1422 1026 rationem
1452 982 1587 1042 perti-

188 1046 394 1091 nentium
415 1045 498 1090 rite
518 1056 775 1107 praeparato
794 1054 840 1089 et
859 1041 1071 1090 instruito
1084 1044 1294 1095 accedere
1313 1045 1366 1092 ad
1386 1045 1588 1094 officium

185 1111 549 1177 persoluendum.
618 1114 723 1157 Nec
755 1113 878 1157 enim
906 1112 1030 1157 aliter
1063 1114 1105 1158 ei
1134 1126 1223 1160 tam
1254 1115 1416 1159 veritas
1450 1125 1497 1174 et
1526 1114 1590 1162 sa-¹

186 1182 353 1245 pientia
383 1177 582 1225 constare
612 1175 772 1241 potest,
804 1195 935 1243 quam
963 1179 1120 1240 religio
1150 1190 1197 1226 et
1223 1177 1435 1228 sanstitas.
1502 1179 1590 1229 Sed

187 1265 304 1312 quae
323 1249 484 1310 propie
510 1247 737 1306 religionis
765 1256 810 1292 et
841 1243 1075 1292 sanstitatis
1103 1249 1149 1293 in
1171 1264 1219 1293 ea
1237 1266 1286 1295 re
1306 1257 1451 1311 partes
1470 1248 1593 1305 sunt,-

190 1332 268 1361 eae
287 1316 333 1361 in
357 1314 653 1362 concionibus
681 1313 735 1360 ad
754 1314 991 1378 populum,
1024 1324 1071 1361 et
1090 1330 1244 1378 nuper,
1275 1332 1359 1379 per
1373 1315 1591 1380 supplica·

187 1384 366 1430 tionum
396 1383 810 1447 opportunitatem,
850 1379 1170 1428 demonstratae
1196 1382 1320 1438 sunt,
1355 1392 1402 1428 et
1427 1384 1475 1429 in
1503 1379 1592 1446 ipsa
1648 1404 1650 1407 ·

189 1452 492 1512 gratulationis
512 1450 700 1496 solennis
732 1449 802 1495 die
832 1452 947 1495 inter
976 1449 1091 1495 sacra
1112 1450 1313 1501 Ciuitatis
1331 1450 1589 1496 communia
1640 1498 1650 1505 „

189 1514 614 1565 demonstrabuntur
635 1533 660 1561 a
678 1517 851 1563 multis:
888 1514 1016 1563 nobis
1047 1526 1197 1564 autem
1217 1520 1427 1580 quoniam
1446 1518 1604 1564 oratio-
1637 1571 1650 1578 ⁴.

187 1589 377 1653 proprie
405 1584 460 1632 ad
487 1583 684 1631 eruditos
705 1585 910 1631 homines
935 1581 995 1629 est
1015 1583 1223 1648 suscepta,
1251 1582 1502 1649 floremque
1520 1586 1591 1631 iu·
1631 1579 1650 1612 3‘

120 1700 123 1705 ,
187 1656 383 1703 ventutis
404 1655 630 1700 literarum
652 1662 696 1698 et
717 1651 950 1716 sapientiae
969 1649 1102 1697 studia
1122 1652 1397 1707 aemulantis,
1407 1667 1499 1698 non
1517 1649 1593 1697 ab&

188 1721 396 1770 horrebit
425 1719 478 1767 ab
510 1717 693 1766 consilio
710 1719 839 1766 huius
860 1717 1046 1764 instituti
1059 1716 1214 1772 nostri,
1235 1728 1408 1764 mentes
1430 1715 1590 1764 vestras

189 1791 239 1837 in
258 1806 355 1835 earn
377 1797 549 1852 partem
575 1803 726 1832 rerum
748 1785 982 1841 deducere,
1014 1792 1124 1848 quae
1151 1782 1202 1831 fit
1230 1782 1509 1832 coniunfflor
1528 1802 1591 1832 ra-

188 1855 386 1909 tionibus
406 1858 523 1901 vitae
542 1849 723 1908 nostrae,
758 1869 842 1900 nec
867 1862 1018 1899 tamen
1039 1853 1175 1898 aliena
1196 1869 1218 1898 a
1241 1855 1402 1916 pietate
1421 1869 1473 1899 ac
1491 1853 1589 1899 reli-
1647 1874 1650 1878 ·

186 1925 336 1987 gione.
406 1926 455 1970 In
478 1938 571 1986 quo
593 1937 676 1966 nos
696 1919 962 1984 aliquamdiu
984 1921 1128 1967 tenuit
1145 1919 1372 1977 dubitatio,
1403 1922 1591 1967 coniun-
1642 1911 1650 1966 ,Ϊ

187 1990 319 2040 {tene
342 1991 573 2037 mallemus
594 2005 695 2034 cum
723 1987 841 2034 bello
867 1987 1078 2050 superiori
1097 2002 1254 2051 pacem
1270 2003 1433 2034 nouam
1453 1984 1591 2034 officii
1640 2007 1650 2034 τ.

189 2059 436 2109 rationibus
466 2055 813 2112 accommodare,
847 2072 900 2101 an
932 2071 1115 2102 omnem
1135 2054 1254 2101 ‘tanti
1273 2054 1378 2102 mali
1399 2057 1590 2102 mentio-

189 2145 296 2175 nem
325 2124 560 2181 secludere,
590 2140 648 2169 ne
676 2124 893 2189 temporis
922 2123 1053 2169 huius
1082 2123 1288 2184 gaudium
1319 2125 1590 2170 contamina-

189 2212 342 2244 remus
371 2195 484 2241 illius
514 2190 760 2238 acerbitatis
790 2192 1076 2252 cogitatione,
1108 2207 1218 2254 quae
1251 2192 1298 2236 in
1325 2191 1496 2236 recenti
1516 2188 1589 2236 ad-

189 2264 281 2312 huc
309 2279 417 2326 pace
446 2262 681 2307 horrorem
710 2261 862 2306 animo
893 2258 1119 2314 offundat,
1159 2257 1295 2321 qualis
1325 2259 1395 2327 vix
1421 2257 1590 2322 elapsos

189 2347 406 2391 magnum
436 2327 699 2392 periculum,
730 2329 864 2373 etiam
898 2328 947 2371 in
977 2335 1101 2382 tuto,
1139 2322 1322 2386 flringit.
1390 2324 1590 2373 Sednos

1619 2035 1650 2227 ἐ

189 2416 287 2446 non
308 2401 370 2445 ita
399 2393 706 2460 speaabimus,
736 2411 848 2458 quae
875 2403 998 2439 retro
1016 2391 1127 2448 sunt,
1155 2403 1204 2440 vt
1222 2390 1425 2439 terribilis
1445 2392 1591 2457 aliqua
1629 2411 1632 2416 ·

189 2467 356 2530 species
374 2473 579 2511 occurrat
599 2463 762 2517 animo,
782 2461 921 2525 qualis
944 2458 1148 2506 Annibali
1172 2477 1252 2524 per
1272 2459 1489 2508 somnium
1511 2457 1590 2506 ob-

189 2534 276 2580 late
293 2531 491 2587 traditur,
527 2540 683 2576 contra
704 2529 825 2576 ducis
848 2529 1066 2575 monitum
1087 2527 1335 2591 respicienti
1356 2529 1464 2587 (Liv.
1478 2529 1590 2584 XXI,

192 2603 290 2661 22.)
327 2598 399 2645 sed
429 2608 476 2645 vt
502 2596 692 2657 vestigiis
732 2596 910 2642 diuinae
938 2594 1250 2659 prouidentiae
1278 2592 1590 2659 persequendis

189 2665 458 2715 deducamur
486 2665 538 2714 ad
574 2667 668 2714 eius
687 2661 966 2727 maiestatem
996 2661 1315 2718 admirandam,
1348 2677 1462 2726 quae
1482 2661 1592 2708 sein

1459 2728 1590 2777 nullo

1630 2562 1650 2645 ᾗ

1624 2662 1650 2703 ,ε

1622 2706 1650 2766 ’ἵ
