<?xml version="1.0" encoding="UTF-8"?>
<!DOCTYPE html PUBLIC "-//W3C//DTD XHTML 1.0 Transitional//EN"
    "http://www.w3.org/TR/xhtml1/DTD/xhtml1-transitional.dtd">
<html xmlns="http://www.w3.org/1999/xhtml" xml:lang="en" lang="en">
 <head>
  <title>
</title>
<meta http-equiv="Content-Type" content="text/html;charset=utf-8" />
  <meta name='ocr-system' content='tesseract 3.04.00' />
  <meta name='ocr-capabilities' content='ocr_page ocr_carea ocr_par ocr_line ocrx_word'/>
</head>
<body>
  <div class='ocr_page' id='page_1' title='image "./opusculatheologi00erneuoft_0248.png"; bbox 0 0 1682 3068; ppageno 0'>
   <div class='ocr_carea' id='block_1_1' title="bbox 149 135 1251 188">
    <p class='ocr_par' dir='ltr' id='par_1_1' title="bbox 149 135 1251 188">
     <span class='ocr_line' id='line_1_1' title="bbox 149 135 1251 188; baseline 0.003 -5"><span class='ocrx_word' id='word_1_1' title='bbox 149 135 257 184; x_wconf 81' lang='lat'>226¹</span> <span class='ocrx_word' id='word_1_2' title='bbox 452 151 736 182; x_wconf 68' lang='lat' dir='ltr'>vmmcnu:</span> <span class='ocrx_word' id='word_1_3' title='bbox 783 152 1028 184; x_wconf 64' lang='lat' dir='ltr'>Auen-1³11</span> <span class='ocrx_word' id='word_1_4' title='bbox 1063 142 1251 188; x_wconf 66' lang='lat' dir='ltr'>mvinr</span> 
     </span>
    </p>
   </div>
   <div class='ocr_carea' id='block_1_2' title="bbox 145 256 1555 663">
    <p class='ocr_par' dir='ltr' id='par_1_2' title="bbox 145 256 1555 663">
     <span class='ocr_line' id='line_1_2' title="bbox 145 256 1551 326; baseline 0.006 -21"><span class='ocrx_word' id='word_1_5' title='bbox 145 256 539 318; x_wconf 74' lang='lat' dir='ltr'>Sacramentorum</span> <span class='ocrx_word' id='word_1_6' title='bbox 571 261 626 306; x_wconf 91' lang='lat' dir='ltr'>V.</span> <span class='ocrx_word' id='word_1_7' title='bbox 657 261 715 321; x_wconf 88' lang='lat' dir='ltr'>T.</span> <span class='ocrx_word' id='word_1_8' title='bbox 745 267 921 315; x_wconf 78' lang='lat' dir='ltr'>natura,</span> <span class='ocrx_word' id='word_1_9' title='bbox 961 261 1107 326; x_wconf 82' lang='lat' dir='ltr'>quoad</span> <span class='ocrx_word' id='word_1_10' title='bbox 1137 280 1187 310; x_wconf 91' lang='lat' dir='ltr'>ea</span> <span class='ocrx_word' id='word_1_11' title='bbox 1216 264 1308 310; x_wconf 86' lang='lat' dir='ltr'>vim</span> <span class='ocrx_word' id='word_1_12' title='bbox 1341 261 1476 313; x_wconf 79' lang='lat' dir='ltr'>habet</span> <span class='ocrx_word' id='word_1_13' title='bbox 1496 266 1551 313; x_wconf 81' lang='lat' dir='ltr'>ad</span> 
     </span>
     <span class='ocr_line' id='line_1_3' title="bbox 147 323 1551 395; baseline 0.006 -22"><span class='ocrx_word' id='word_1_14' title='bbox 147 325 265 373; x_wconf 83' lang='lat' dir='ltr'>hanc</span> <span class='ocrx_word' id='word_1_15' title='bbox 294 323 595 388; x_wconf 85' lang='lat' dir='ltr'>quaestionem</span> <span class='ocrx_word' id='word_1_16' title='bbox 624 324 943 383; x_wconf 80' lang='lat' dir='ltr'>illustrandam,</span> <span class='ocrx_word' id='word_1_17' title='bbox 985 340 1033 375; x_wconf 90' lang='lat' dir='ltr'>et</span> <span class='ocrx_word' id='word_1_18' title='bbox 1063 330 1115 378; x_wconf 80' lang='lat' dir='ltr'>ab</span> <span class='ocrx_word' id='word_1_19' title='bbox 1146 329 1365 395; x_wconf 66' lang='lat' dir='ltr'>ii3‚&#39;quae</span> <span class='ocrx_word' id='word_1_20' title='bbox 1393 345 1551 380; x_wconf 85' lang='lat' dir='ltr'>contra</span> 
     </span>
     <span class='ocr_line' id='line_1_4' title="bbox 149 391 1551 460; baseline 0.002 -20"><span class='ocrx_word' id='word_1_21' title='bbox 149 411 226 441; x_wconf 87' lang='lat' dir='ltr'>eos</span> <span class='ocrx_word' id='word_1_22' title='bbox 258 391 547 458; x_wconf 85' lang='lat' dir='ltr'>disputarent,</span> <span class='ocrx_word' id='word_1_23' title='bbox 587 410 682 440; x_wconf 88' lang='lat' dir='ltr'>non</span> <span class='ocrx_word' id='word_1_24' title='bbox 712 392 810 441; x_wconf 77' lang='lat' dir='ltr'>satis</span> <span class='ocrx_word' id='word_1_25' title='bbox 841 396 1064 459; x_wconf 77' lang='lat' dir='ltr'>explicata.</span> <span class='ocrx_word' id='word_1_26' title='bbox 1133 397 1371 445; x_wconf 81' lang='lat' dir='ltr'>Videamus</span> <span class='ocrx_word' id='word_1_27' title='bbox 1402 401 1551 460; x_wconf 75' lang='lat' dir='ltr'>igitur,</span> 
     </span>
     <span class='ocr_line' id='line_1_5' title="bbox 148 459 1555 530; baseline 0.004 -22"><span class='ocrx_word' id='word_1_28' title='bbox 148 479 205 509; x_wconf 79' lang='lat' dir='ltr'>an</span> <span class='ocrx_word' id='word_1_29' title='bbox 227 463 417 511; x_wconf 67' lang='lat' dir='ltr'>eximere</span> <span class='ocrx_word' id='word_1_30' title='bbox 439 459 650 526; x_wconf 70' lang='lat' dir='ltr'>possimus</span> <span class='ocrx_word' id='word_1_31' title='bbox 664 460 784 509; x_wconf 63' lang='lat' dir='ltr'>vhanc</span> <span class='ocrx_word' id='word_1_32' title='bbox 803 461 1128 512; x_wconf 82' lang='lat' dir='ltr'>dubitationem</span> <span class='ocrx_word' id='word_1_33' title='bbox 1152 467 1244 522; x_wconf 87' lang='lat' dir='ltr'>his,</span> <span class='ocrx_word' id='word_1_34' title='bbox 1278 468 1352 530; x_wconf 91' lang='lat' dir='ltr'>qui</span> <span class='ocrx_word' id='word_1_35' title='bbox 1377 482 1481 514; x_wconf 89' lang='lat' dir='ltr'>cum</span> <span class='ocrx_word' id='word_1_36' title='bbox 1501 468 1555 524; x_wconf 66' lang='lat' dir='ltr'>il-v</span> 
     </span>
     <span class='ocr_line' id='line_1_6' title="bbox 148 526 1554 592; baseline 0.005 -16"><span class='ocrx_word' id='word_1_37' title='bbox 148 530 202 576; x_wconf 84' lang='lat' dir='ltr'>lis</span> <span class='ocrx_word' id='word_1_38' title='bbox 224 526 433 585; x_wconf 66' lang='lat' dir='ltr'>sentiunt,</span> <span class='ocrx_word' id='word_1_39' title='bbox 470 528 890 592; x_wconf 79' lang='lat' dir='ltr'>explicatabreuiter</span> <span class='ocrx_word' id='word_1_40' title='bbox 918 543 1074 578; x_wconf 85' lang='lat' dir='ltr'>natura</span> <span class='ocrx_word' id='word_1_41' title='bbox 1091 535 1476 582; x_wconf 83' lang='lat' dir='ltr'>Sacramentorum</span> <span class='ocrx_word' id='word_1_42' title='bbox 1498 535 1554 582; x_wconf 61' lang='lat' dir='ltr'>VJ</span> 
     </span>
     <span class='ocr_line' id='line_1_7' title="bbox 149 595 1466 663; baseline 0.003 -18"><span class='ocrx_word' id='word_1_43' title='bbox 149 596 209 646; x_wconf 88' lang='lat' dir='ltr'>T.</span> <span class='ocrx_word' id='word_1_44' title='bbox 231 596 380 663; x_wconf 86' lang='lat' dir='ltr'>quoad</span> <span class='ocrx_word' id='word_1_45' title='bbox 401 595 579 661; x_wconf 80' lang='lat' dir='ltr'>quidem</span> <span class='ocrx_word' id='word_1_46' title='bbox 597 595 698 644; x_wconf 84' lang='lat' dir='ltr'>sunt</span> <span class='ocrx_word' id='word_1_47' title='bbox 716 595 769 644; x_wconf 84' lang='lat' dir='ltr'>ab</span> <span class='ocrx_word' id='word_1_48' title='bbox 791 600 1085 647; x_wconf 82' lang='lat' dir='ltr'>Sacramentis</span> <span class='ocrx_word' id='word_1_49' title='bbox 1105 599 1264 649; x_wconf 87' lang='lat' dir='ltr'>nostris</span> <span class='ocrx_word' id='word_1_50' title='bbox 1287 600 1466 649; x_wconf 83' lang='lat' dir='ltr'>diuersa.</span> 
     </span>
    </p>
   </div>
   <div class='ocr_carea' id='block_1_3' title="bbox 76 729 1614 2751">
    <p class='ocr_par' dir='ltr' id='par_1_3' title="bbox 76 729 1614 2691">
     <span class='ocr_line' id='line_1_8' title="bbox 238 729 1552 799; baseline 0.004 -22"><span class='ocrx_word' id='word_1_51' title='bbox 238 747 318 795; x_wconf 82' lang='lat'>43.</span> <span class='ocrx_word' id='word_1_52' title='bbox 340 737 408 779; x_wconf 91' lang='lat' dir='ltr'>Ac</span> <span class='ocrx_word' id='word_1_53' title='bbox 426 729 699 779; x_wconf 79' lang='lat' dir='ltr'>fundamenti</span> <span class='ocrx_word' id='word_1_54' title='bbox 721 734 825 781; x_wconf 90' lang='lat' dir='ltr'>loco</span> <span class='ocrx_word' id='word_1_55' title='bbox 849 737 1057 798; x_wconf 87' lang='lat' dir='ltr'>ponimus</span> <span class='ocrx_word' id='word_1_56' title='bbox 1077 734 1403 783; x_wconf 83' lang='lat' dir='ltr'>obseruationes</span> <span class='ocrx_word' id='word_1_57' title='bbox 1425 750 1552 799; x_wconf 83' lang='lat' dir='ltr'>quas-</span> 
     </span>
     <span class='ocr_line' id='line_1_9' title="bbox 150 798 1550 866; baseline 0.003 -20"><span class='ocrx_word' id='word_1_58' title='bbox 150 800 274 857; x_wconf 83' lang='lat' dir='ltr'>dam,</span> <span class='ocrx_word' id='word_1_59' title='bbox 305 819 329 847; x_wconf 82' lang='lat' dir='ltr'>a</span> <span class='ocrx_word' id='word_1_60' title='bbox 349 799 504 864; x_wconf 86' lang='lat' dir='ltr'>quibus</span> <span class='ocrx_word' id='word_1_61' title='bbox 535 798 650 846; x_wconf 88' lang='lat' dir='ltr'>bene</span> <span class='ocrx_word' id='word_1_62' title='bbox 669 805 894 866; x_wconf 78' lang='lat' dir='ltr'>perceptis</span> <span class='ocrx_word' id='word_1_63' title='bbox 919 805 1062 849; x_wconf 86' lang='lat' dir='ltr'>omnis</span> <span class='ocrx_word' id='word_1_64' title='bbox 1083 805 1147 849; x_wconf 85' lang='lat' dir='ltr'>rei</span> <span class='ocrx_word' id='word_1_65' title='bbox 1172 803 1420 850; x_wconf 85' lang='lat' dir='ltr'>diiudicatio</span> <span class='ocrx_word' id='word_1_66' title='bbox 1439 820 1550 866; x_wconf 81' lang='lat' dir='ltr'>pen-</span> 
     </span>
     <span class='ocr_line' id='line_1_10' title="bbox 148 868 1553 930; baseline 0.001 -16"><span class='ocrx_word' id='word_1_67' title='bbox 148 869 234 914; x_wconf 88' lang='lat' dir='ltr'>det.</span> <span class='ocrx_word' id='word_1_68' title='bbox 310 871 426 914; x_wconf 88' lang='lat' dir='ltr'>Dico</span> <span class='ocrx_word' id='word_1_69' title='bbox 456 868 595 927; x_wconf 79' lang='lat' dir='ltr'>igitur</span> <span class='ocrx_word' id='word_1_70' title='bbox 633 871 850 930; x_wconf 86' lang='lat' dir='ltr'>primum:</span> <span class='ocrx_word' id='word_1_71' title='bbox 902 874 1181 917; x_wconf 83' lang='lat' dir='ltr'>Sacramenta</span> <span class='ocrx_word' id='word_1_72' title='bbox 1209 875 1264 917; x_wconf 78' lang='lat' dir='ltr'>V.</span> <span class='ocrx_word' id='word_1_73' title='bbox 1294 875 1352 918; x_wconf 88' lang='lat' dir='ltr'>T.</span> <span class='ocrx_word' id='word_1_74' title='bbox 1384 871 1553 916; x_wconf 83' lang='lat' dir='ltr'>habere</span> 
     </span>
     <span class='ocr_line' id='line_1_11' title="bbox 146 935 1550 999; baseline -0.001 -16"><span class='ocrx_word' id='word_1_75' title='bbox 146 935 302 998; x_wconf 76' lang='grc' dir='ltr'><em>σχέσιν</em></span> <span class='ocrx_word' id='word_1_76' title='bbox 321 935 559 998; x_wconf 85' lang='lat' dir='ltr'>duplicem,</span> <span class='ocrx_word' id='word_1_77' title='bbox 571 952 756 999; x_wconf 83' lang='lat' dir='ltr'>quarum</span> <span class='ocrx_word' id='word_1_78' title='bbox 777 937 912 983; x_wconf 80' lang='lat' dir='ltr'>altera</span> <span class='ocrx_word' id='word_1_79' title='bbox 934 937 986 983; x_wconf 83' lang='lat' dir='ltr'>ad</span> <span class='ocrx_word' id='word_1_80' title='bbox 1009 937 1170 998; x_wconf 87' lang='lat' dir='ltr'>legem,</span> <span class='ocrx_word' id='word_1_81' title='bbox 1185 939 1316 985; x_wconf 84' lang='lat' dir='ltr'>altera</span> <span class='ocrx_word' id='word_1_82' title='bbox 1336 937 1391 984; x_wconf 82' lang='lat' dir='ltr'>ad</span> <span class='ocrx_word' id='word_1_83' title='bbox 1402 939 1550 983; x_wconf 80' lang='lat' dir='ltr'>Euan-</span> 
     </span>
     <span class='ocr_line' id='line_1_12' title="bbox 146 1002 1552 1066; baseline 0.002 -18"><span class='ocrx_word' id='word_1_84' title='bbox 146 1004 317 1066; x_wconf 86' lang='lat' dir='ltr'>gelium</span> <span class='ocrx_word' id='word_1_85' title='bbox 337 1002 562 1050; x_wconf 82' lang='lat' dir='ltr'>referatur.</span> <span class='ocrx_word' id='word_1_86' title='bbox 641 1002 817 1050; x_wconf 81' lang='lat' dir='ltr'>Cauffae</span> <span class='ocrx_word' id='word_1_87' title='bbox 839 1005 922 1050; x_wconf 83' lang='lat' dir='ltr'>hae</span> <span class='ocrx_word' id='word_1_88' title='bbox 944 1005 1056 1052; x_wconf 86' lang='lat' dir='ltr'>sunt.</span> <span class='ocrx_word' id='word_1_89' title='bbox 1108 1007 1303 1052; x_wconf 88' lang='lat' dir='ltr'>Primum</span> <span class='ocrx_word' id='word_1_90' title='bbox 1323 1009 1375 1050; x_wconf 93' lang='lat' dir='ltr'>V.</span> <span class='ocrx_word' id='word_1_91' title='bbox 1394 1007 1450 1050; x_wconf 91' lang='lat' dir='ltr'>T.</span> <span class='ocrx_word' id='word_1_92' title='bbox 1471 1004 1552 1062; x_wconf 77' lang='lat' dir='ltr'>etii</span> 
     </span>
     <span class='ocr_line' id='line_1_13' title="bbox 148 1068 1551 1137; baseline 0.001 -20"><span class='ocrx_word' id='word_1_93' title='bbox 148 1080 195 1117; x_wconf 79' lang='lat' dir='ltr'>et</span> <span class='ocrx_word' id='word_1_94' title='bbox 213 1071 358 1136; x_wconf 41' lang='lat' dir='ltr'>ipsum*</span> <span class='ocrx_word' id='word_1_95' title='bbox 386 1070 568 1117; x_wconf 83' lang='lat' dir='ltr'>salutem</span> <span class='ocrx_word' id='word_1_96' title='bbox 598 1086 680 1134; x_wconf 88' lang='lat' dir='ltr'>per</span> <span class='ocrx_word' id='word_1_97' title='bbox 699 1068 919 1119; x_wconf 87' lang='lat' dir='ltr'>Christum</span> <span class='ocrx_word' id='word_1_98' title='bbox 941 1074 1186 1137; x_wconf 86' lang='lat' dir='ltr'>promittit,</span> <span class='ocrx_word' id='word_1_99' title='bbox 1219 1083 1268 1119; x_wconf 92' lang='lat' dir='ltr'>vt</span> <span class='ocrx_word' id='word_1_100' title='bbox 1298 1072 1423 1137; x_wconf 83' lang='lat' dir='ltr'>supra</span> <span class='ocrx_word' id='word_1_101' title='bbox 1445 1071 1551 1118; x_wconf 85' lang='lat' dir='ltr'>dixi-</span> 
     </span>
     <span class='ocr_line' id='line_1_14' title="bbox 147 1135 1551 1204; baseline 0.001 -18"><span class='ocrx_word' id='word_1_102' title='bbox 147 1155 272 1186; x_wconf 89' lang='lat' dir='ltr'>mus:</span> <span class='ocrx_word' id='word_1_103' title='bbox 309 1150 459 1186; x_wconf 87' lang='lat' dir='ltr'>tamen</span> <span class='ocrx_word' id='word_1_104' title='bbox 478 1135 540 1182; x_wconf 89' lang='lat' dir='ltr'>est</span> <span class='ocrx_word' id='word_1_105' title='bbox 560 1147 607 1183; x_wconf 85' lang='lat' dir='ltr'>et</span> <span class='ocrx_word' id='word_1_106' title='bbox 628 1137 787 1185; x_wconf 83' lang='lat' dir='ltr'>dicitur</span> <span class='ocrx_word' id='word_1_107' title='bbox 808 1141 1021 1204; x_wconf 72' lang='grc' dir='ltr'><em>οἰκονομία</em></span> <span class='ocrx_word' id='word_1_108' title='bbox 1039 1138 1160 1204; x_wconf 68' lang='grc' dir='ltr'><em>νέμε,</em></span> <span class='ocrx_word' id='word_1_109' title='bbox 1183 1150 1230 1187; x_wconf 84' lang='lat' dir='ltr'>vt</span> <span class='ocrx_word' id='word_1_110' title='bbox 1247 1143 1373 1187; x_wconf 83' lang='lat' dir='ltr'><strong>N-T·</strong></span> <span class='ocrx_word' id='word_1_111' title='bbox 1394 1138 1467 1193; x_wconf 63' lang='grc' dir='ltr'>τῆς</span> <span class='ocrx_word' id='word_1_112' title='bbox 1477 1138 1551 1189; x_wconf 71' lang='grc' dir='ltr'>π(-</span> 
     </span>
     <span class='ocr_line' id='line_1_15' title="bbox 145 1205 1550 1270; baseline -0.002 -15"><span class='ocrx_word' id='word_1_113' title='bbox 145 1225 266 1262; x_wconf 77' lang='grc' dir='ltr'><strong><em>ςεως.</em></strong></span> <span class='ocrx_word' id='word_1_114' title='bbox 346 1209 499 1270; x_wconf 85' lang='lat' dir='ltr'>Itaque</span> <span class='ocrx_word' id='word_1_115' title='bbox 519 1206 565 1250; x_wconf 88' lang='lat' dir='ltr'>in</span> <span class='ocrx_word' id='word_1_116' title='bbox 595 1207 807 1253; x_wconf 87' lang='lat' dir='ltr'>omnibus</span> <span class='ocrx_word' id='word_1_117' title='bbox 836 1205 1044 1254; x_wconf 86' lang='lat' dir='ltr'>institutis</span> <span class='ocrx_word' id='word_1_118' title='bbox 1076 1207 1232 1255; x_wconf 87' lang='lat' dir='ltr'>debuit</span> <span class='ocrx_word' id='word_1_119' title='bbox 1260 1205 1346 1253; x_wconf 84' lang='lat' dir='ltr'>effe</span> <span class='ocrx_word' id='word_1_120' title='bbox 1372 1206 1550 1270; x_wconf 79' lang='lat' dir='ltr'>aliquid,</span> 
     </span>
     <span class='ocr_line' id='line_1_16' title="bbox 145 1270 1549 1338; baseline -0.002 -16"><span class='ocrx_word' id='word_1_121' title='bbox 145 1273 269 1338; x_wconf 87' lang='lat' dir='ltr'>quod</span> <span class='ocrx_word' id='word_1_122' title='bbox 296 1271 350 1320; x_wconf 86' lang='lat' dir='ltr'>fit</span> <span class='ocrx_word' id='word_1_123' title='bbox 380 1270 673 1321; x_wconf 73' lang='lat' dir='ltr'>coniunstum</span> <span class='ocrx_word' id='word_1_124' title='bbox 695 1290 796 1320; x_wconf 91' lang='lat' dir='ltr'>cum</span> <span class='ocrx_word' id='word_1_125' title='bbox 818 1273 933 1335; x_wconf 87' lang='lat' dir='ltr'>lege,</span> <span class='ocrx_word' id='word_1_126' title='bbox 970 1275 1039 1321; x_wconf 87' lang='lat' dir='ltr'>vel</span> <span class='ocrx_word' id='word_1_127' title='bbox 1061 1273 1221 1321; x_wconf 80' lang='lat' dir='ltr'>habeat</span> <span class='ocrx_word' id='word_1_128' title='bbox 1243 1276 1460 1321; x_wconf 85' lang='lat' dir='ltr'>rationem</span> <span class='ocrx_word' id='word_1_129' title='bbox 1480 1275 1549 1319; x_wconf 89' lang='lat' dir='ltr'>le-</span> 
     </span>
     <span class='ocr_line' id='line_1_17' title="bbox 145 1338 1550 1404; baseline -0.001 -15"><span class='ocrx_word' id='word_1_130' title='bbox 145 1345 228 1403; x_wconf 87' lang='lat' dir='ltr'>gis.</span> <span class='ocrx_word' id='word_1_131' title='bbox 294 1339 468 1388; x_wconf 88' lang='lat' dir='ltr'>Deinde</span> <span class='ocrx_word' id='word_1_132' title='bbox 490 1342 534 1386; x_wconf 90' lang='lat' dir='ltr'>in</span> <span class='ocrx_word' id='word_1_133' title='bbox 555 1339 851 1402; x_wconf 83' lang='lat' dir='ltr'>promiffione,</span> <span class='ocrx_word' id='word_1_134' title='bbox 887 1358 1000 1404; x_wconf 81' lang='lat' dir='ltr'>quae</span> <span class='ocrx_word' id='word_1_135' title='bbox 1023 1359 1046 1388; x_wconf 86' lang='lat' dir='ltr'>a</span> <span class='ocrx_word' id='word_1_136' title='bbox 1064 1345 1165 1390; x_wconf 89' lang='lat' dir='ltr'>Deo</span> <span class='ocrx_word' id='word_1_137' title='bbox 1193 1338 1305 1389; x_wconf 58' lang='lat' dir='ltr'>faEAEa</span> <span class='ocrx_word' id='word_1_138' title='bbox 1329 1339 1392 1387; x_wconf 90' lang='lat' dir='ltr'>est</span> <span class='ocrx_word' id='word_1_139' title='bbox 1414 1340 1550 1389; x_wconf 81' lang='lat' dir='ltr'>Abra·</span> 
     </span>
     <span class='ocr_line' id='line_1_18' title="bbox 143 1405 1549 1472; baseline -0.001 -16"><span class='ocrx_word' id='word_1_140' title='bbox 143 1410 283 1456; x_wconf 89' lang='lat' dir='ltr'>hamo</span> <span class='ocrx_word' id='word_1_141' title='bbox 307 1410 413 1456; x_wconf 86' lang='lat' dir='ltr'>Gen.</span> <span class='ocrx_word' id='word_1_142' title='bbox 432 1407 599 1457; x_wconf 89' lang='lat' dir='ltr'><em>XVII.</em></span> <span class='ocrx_word' id='word_1_143' title='bbox 632 1410 850 1472; x_wconf 86' lang='lat' dir='ltr'>cuiusque</span> <span class='ocrx_word' id='word_1_144' title='bbox 881 1408 1069 1469; x_wconf 83' lang='lat' dir='ltr'>figillum</span> <span class='ocrx_word' id='word_1_145' title='bbox 1096 1409 1182 1456; x_wconf 84' lang='lat' dir='ltr'>fuit</span> <span class='ocrx_word' id='word_1_146' title='bbox 1203 1405 1549 1456; x_wconf 78' lang='lat' dir='ltr'>circumcisionis</span> 
     </span>
     <span class='ocr_line' id='line_1_19' title="bbox 145 1475 1614 1538; baseline -0.003 -14"><span class='ocrx_word' id='word_1_147' title='bbox 145 1478 401 1533; x_wconf 81' lang='lat' dir='ltr'>cerimonia,</span> <span class='ocrx_word' id='word_1_148' title='bbox 420 1476 585 1523; x_wconf 86' lang='lat' dir='ltr'>semina</span> <span class='ocrx_word' id='word_1_149' title='bbox 605 1475 752 1523; x_wconf 89' lang='lat' dir='ltr'>insunt</span> <span class='ocrx_word' id='word_1_150' title='bbox 770 1477 877 1537; x_wconf 81' lang='lat' dir='ltr'>legis</span> <span class='ocrx_word' id='word_1_151' title='bbox 895 1487 940 1521; x_wconf 89' lang='lat' dir='ltr'>et</span> <span class='ocrx_word' id='word_1_152' title='bbox 961 1477 1202 1538; x_wconf 81' lang='lat' dir='ltr'>Euangelii.</span> <span class='ocrx_word' id='word_1_153' title='bbox 1270 1480 1391 1523; x_wconf 88' lang='lat' dir='ltr'>Nam</span> <span class='ocrx_word' id='word_1_154' title='bbox 1410 1477 1549 1522; x_wconf 79' lang='lat' dir='ltr'>secre-</span> <span class='ocrx_word' id='word_1_155' title='bbox 1611 1488 1614 1490; x_wconf 80' lang='grc'><em>·</em></span> 
     </span>
     <span class='ocr_line' id='line_1_20' title="bbox 142 1542 1547 1609; baseline -0.004 -16"><span class='ocrx_word' id='word_1_156' title='bbox 142 1548 209 1593; x_wconf 89' lang='lat' dir='ltr'>tio</span> <span class='ocrx_word' id='word_1_157' title='bbox 238 1543 503 1609; x_wconf 77' lang='lat' dir='ltr'>posteritatis</span> <span class='ocrx_word' id='word_1_158' title='bbox 530 1545 739 1590; x_wconf 86' lang='lat' dir='ltr'>naturalis</span> <span class='ocrx_word' id='word_1_159' title='bbox 770 1543 1012 1589; x_wconf 87' lang='lat' dir='ltr'>Abrahami</span> <span class='ocrx_word' id='word_1_160' title='bbox 1047 1543 1102 1589; x_wconf 89' lang='lat' dir='ltr'>ab</span> <span class='ocrx_word' id='word_1_161' title='bbox 1141 1542 1348 1590; x_wconf 86' lang='lat' dir='ltr'>omnibus</span> <span class='ocrx_word' id='word_1_162' title='bbox 1384 1545 1547 1588; x_wconf 84' lang='lat' dir='ltr'>ceteris</span> 
     </span>
     <span class='ocr_line' id='line_1_21' title="bbox 144 1608 1548 1674; baseline -0.002 -15"><span class='ocrx_word' id='word_1_163' title='bbox 144 1611 371 1674; x_wconf 86' lang='lat' dir='ltr'>gentibus,</span> <span class='ocrx_word' id='word_1_164' title='bbox 403 1621 449 1656; x_wconf 80' lang='lat' dir='ltr'>et</span> <span class='ocrx_word' id='word_1_165' title='bbox 468 1608 692 1674; x_wconf 85' lang='lat' dir='ltr'>promiffio</span> <span class='ocrx_word' id='word_1_166' title='bbox 713 1621 858 1657; x_wconf 88' lang='lat' dir='ltr'>terrae</span> <span class='ocrx_word' id='word_1_167' title='bbox 881 1614 1147 1666; x_wconf 86' lang='lat' dir='ltr'>Cananaeae,</span> <span class='ocrx_word' id='word_1_168' title='bbox 1180 1625 1326 1674; x_wconf 84' lang='lat' dir='ltr'>poena</span> <span class='ocrx_word' id='word_1_169' title='bbox 1344 1611 1548 1672; x_wconf 81' lang='lat' dir='ltr'>corporis</span> 
     </span>
     <span class='ocr_line' id='line_1_22' title="bbox 145 1674 1547 1740; baseline -0.003 -13"><span class='ocrx_word' id='word_1_170' title='bbox 145 1678 382 1727; x_wconf 86' lang='lat' dir='ltr'>constituta</span> <span class='ocrx_word' id='word_1_171' title='bbox 403 1677 608 1724; x_wconf 87' lang='lat' dir='ltr'>aduersus</span> <span class='ocrx_word' id='word_1_172' title='bbox 629 1694 722 1732; x_wconf 76' lang='grc' dir='ltr'>εοε,</span> <span class='ocrx_word' id='word_1_173' title='bbox 749 1679 826 1740; x_wconf 90' lang='lat' dir='ltr'>qui</span> <span class='ocrx_word' id='word_1_174' title='bbox 846 1675 1228 1724; x_wconf 72' lang='lat' dir='ltr'>circumcisionem</span> <span class='ocrx_word' id='word_1_175' title='bbox 1248 1674 1547 1737; x_wconf 71' lang='lat' dir='ltr'>neglexissent,</span> 
     </span>
     <span class='ocr_line' id='line_1_23' title="bbox 76 1741 1547 1810; baseline -0.003 -15"><span class='ocrx_word' id='word_1_176' title='bbox 76 1772 82 1778; x_wconf 93' lang='lat'>·</span> <span class='ocrx_word' id='word_1_177' title='bbox 143 1750 255 1808; x_wconf 87' lang='lat' dir='ltr'>legis</span> <span class='ocrx_word' id='word_1_178' title='bbox 293 1742 500 1810; x_wconf 65' lang='lat' dir='ltr'>professo</span> <span class='ocrx_word' id='word_1_179' title='bbox 531 1744 654 1802; x_wconf 85' lang='lat' dir='ltr'>sunt,</span> <span class='ocrx_word' id='word_1_180' title='bbox 689 1761 784 1791; x_wconf 91' lang='lat' dir='ltr'>non</span> <span class='ocrx_word' id='word_1_181' title='bbox 810 1744 1062 1804; x_wconf 87' lang='lat' dir='ltr'>Euangelii:</span> <span class='ocrx_word' id='word_1_182' title='bbox 1106 1755 1153 1791; x_wconf 86' lang='lat' dir='ltr'>at</span> <span class='ocrx_word' id='word_1_183' title='bbox 1188 1741 1436 1791; x_wconf 80' lang='lat' dir='ltr'>iustificatio</span> <span class='ocrx_word' id='word_1_184' title='bbox 1462 1762 1547 1809; x_wconf 81' lang='lat' dir='ltr'>per</span> 
     </span>
     <span class='ocr_line' id='line_1_24' title="bbox 142 1809 1547 1877; baseline -0.004 -14"><span class='ocrx_word' id='word_1_185' title='bbox 142 1815 290 1869; x_wconf 87' lang='lat' dir='ltr'>fidem,</span> <span class='ocrx_word' id='word_1_186' title='bbox 324 1816 445 1873; x_wconf 85' lang='lat' dir='ltr'>Rom.</span> <span class='ocrx_word' id='word_1_187' title='bbox 460 1812 554 1868; x_wconf 88' lang='lat' dir='ltr'>IV,</span> <span class='ocrx_word' id='word_1_188' title='bbox 577 1828 595 1858; x_wconf 83' lang='lat'>1</span> <span class='ocrx_word' id='word_1_189' title='bbox 610 1828 647 1858; x_wconf 90' lang='lat'>1.</span> <span class='ocrx_word' id='word_1_190' title='bbox 666 1814 791 1859; x_wconf 85' lang='lat' dir='ltr'>cuius</span> <span class='ocrx_word' id='word_1_191' title='bbox 811 1810 1016 1877; x_wconf 56' lang='grc' dir='ltr'>σφραγὶς</span> <span class='ocrx_word' id='word_1_192' title='bbox 1032 1810 1138 1859; x_wconf 84' lang='lat' dir='ltr'>esset</span> <span class='ocrx_word' id='word_1_193' title='bbox 1160 1809 1439 1867; x_wconf 82' lang='lat' dir='ltr'>circumcifio,</span> <span class='ocrx_word' id='word_1_194' title='bbox 1471 1829 1547 1858; x_wconf 88' lang='lat' dir='ltr'>cu-</span> 
     </span>
     <span class='ocr_line' id='line_1_25' title="bbox 142 1877 1548 1947; baseline -0.005 -16"><span class='ocrx_word' id='word_1_195' title='bbox 142 1886 306 1947; x_wconf 84' lang='lat' dir='ltr'>iusque</span> <span class='ocrx_word' id='word_1_196' title='bbox 326 1896 483 1927; x_wconf 88' lang='lat' dir='ltr'>omnes</span> <span class='ocrx_word' id='word_1_197' title='bbox 501 1895 582 1943; x_wconf 88' lang='lat' dir='ltr'>per</span> <span class='ocrx_word' id='word_1_198' title='bbox 610 1889 760 1926; x_wconf 87' lang='lat' dir='ltr'>totum</span> <span class='ocrx_word' id='word_1_199' title='bbox 782 1890 995 1926; x_wconf 86' lang='lat' dir='ltr'>terrarum</span> <span class='ocrx_word' id='word_1_200' title='bbox 1026 1878 1182 1926; x_wconf 88' lang='lat' dir='ltr'>orbem</span> <span class='ocrx_word' id='word_1_201' title='bbox 1203 1889 1438 1943; x_wconf 84' lang='lat' dir='ltr'>compotes</span> <span class='ocrx_word' id='word_1_202' title='bbox 1469 1877 1548 1924; x_wconf 83' lang='lat' dir='ltr'>fie-</span> 
     </span>
     <span class='ocr_line' id='line_1_26' title="bbox 142 1944 1554 2011; baseline -0.005 -12"><span class='ocrx_word' id='word_1_203' title='bbox 142 1961 260 2006; x_wconf 87' lang='lat' dir='ltr'>rent,</span> <span class='ocrx_word' id='word_1_204' title='bbox 294 1950 342 1995; x_wconf 89' lang='lat' dir='ltr'>in</span> <span class='ocrx_word' id='word_1_205' title='bbox 359 1946 517 2011; x_wconf 81' lang='lat' dir='ltr'>quibus</span> <span class='ocrx_word' id='word_1_206' title='bbox 539 1944 642 1993; x_wconf 82' lang='lat' dir='ltr'>effet</span> <span class='ocrx_word' id='word_1_207' title='bbox 670 1946 766 1993; x_wconf 89' lang='lat' dir='ltr'>talis</span> <span class='ocrx_word' id='word_1_208' title='bbox 794 1945 916 2003; x_wconf 86' lang='lat' dir='ltr'>fides,</span> <span class='ocrx_word' id='word_1_209' title='bbox 952 1946 1087 2010; x_wconf 79' lang='lat' dir='ltr'>qualis</span> <span class='ocrx_word' id='word_1_210' title='bbox 1106 1948 1154 1993; x_wconf 88' lang='lat' dir='ltr'>in</span> <span class='ocrx_word' id='word_1_211' title='bbox 1174 1946 1429 1993; x_wconf 84' lang='lat' dir='ltr'>Abrahamo</span> <span class='ocrx_word' id='word_1_212' title='bbox 1448 1945 1554 1992; x_wconf 64' lang='lat' dir='ltr'>fuist·</span> 
     </span>
     <span class='ocr_line' id='line_1_27' title="bbox 144 2012 1544 2078; baseline -0.006 -12"><span class='ocrx_word' id='word_1_213' title='bbox 144 2019 220 2073; x_wconf 86' lang='lat' dir='ltr'>set,</span> <span class='ocrx_word' id='word_1_214' title='bbox 239 2015 292 2064; x_wconf 85' lang='lat' dir='ltr'>ad</span> <span class='ocrx_word' id='word_1_215' title='bbox 315 2014 607 2075; x_wconf 80' lang='lat' dir='ltr'>Euangelium</span> <span class='ocrx_word' id='word_1_216' title='bbox 628 2015 840 2078; x_wconf 84' lang='lat' dir='ltr'>pertinet.</span> <span class='ocrx_word' id='word_1_217' title='bbox 907 2017 1058 2078; x_wconf 83' lang='lat' dir='ltr'>Itaque</span> <span class='ocrx_word' id='word_1_218' title='bbox 1080 2015 1428 2061; x_wconf 84' lang='lat' dir='ltr'>consentaneum</span> <span class='ocrx_word' id='word_1_219' title='bbox 1448 2012 1544 2070; x_wconf 70' lang='lat' dir='ltr'>fuit,</span> 
     </span>
     <span class='ocr_line' id='line_1_28' title="bbox 142 2079 1566 2146; baseline -0.006 -11"><span class='ocrx_word' id='word_1_220' title='bbox 142 2096 192 2136; x_wconf 84' lang='lat' dir='ltr'>vt</span> <span class='ocrx_word' id='word_1_221' title='bbox 203 2088 483 2132; x_wconf 84' lang='lat' dir='ltr'>Sacramento</span> <span class='ocrx_word' id='word_1_222' title='bbox 504 2080 847 2129; x_wconf 66' lang='lat' dir='ltr'>circumcisionis</span> <span class='ocrx_word' id='word_1_223' title='bbox 865 2079 971 2128; x_wconf 83' lang='lat' dir='ltr'>effet</span> <span class='ocrx_word' id='word_1_224' title='bbox 989 2080 1166 2146; x_wconf 79' lang='lat' dir='ltr'>aliquid,</span> <span class='ocrx_word' id='word_1_225' title='bbox 1178 2080 1300 2146; x_wconf 88' lang='lat' dir='ltr'>quod</span> <span class='ocrx_word' id='word_1_226' title='bbox 1318 2080 1370 2127; x_wconf 84' lang='lat' dir='ltr'>ad</span> <span class='ocrx_word' id='word_1_227' title='bbox 1383 2086 1566 2128; x_wconf 75' lang='lat' dir='ltr'>Vtram-¹</span> 
     </span>
     <span class='ocr_line' id='line_1_29' title="bbox 144 2147 1545 2220; baseline -0.006 -19"><span class='ocrx_word' id='word_1_228' title='bbox 144 2171 235 2220; x_wconf 89' lang='lat' dir='ltr'>que</span> <span class='ocrx_word' id='word_1_229' title='bbox 252 2152 371 2199; x_wconf 86' lang='lat' dir='ltr'>illam</span> <span class='ocrx_word' id='word_1_230' title='bbox 398 2151 619 2197; x_wconf 75' lang='lat' dir='ltr'>rationem</span> <span class='ocrx_word' id='word_1_231' title='bbox 648 2151 836 2213; x_wconf 80' lang='lat' dir='ltr'>aliquam</span> <span class='ocrx_word' id='word_1_232' title='bbox 854 2148 1010 2211; x_wconf 83' lang='grc' dir='ltr'><em>σχέσιν</em></span> <span class='ocrx_word' id='word_1_233' title='bbox 1030 2148 1224 2197; x_wconf 84' lang='lat' dir='ltr'>haberet.</span> <span class='ocrx_word' id='word_1_234' title='bbox 1291 2147 1545 2210; x_wconf 88' lang='lat' dir='ltr'>Similisque</span> 
     </span>
     <span class='ocr_line' id='line_1_30' title="bbox 146 2216 1544 2280; baseline -0.005 -12"><span class='ocrx_word' id='word_1_235' title='bbox 146 2220 208 2268; x_wconf 88' lang='lat' dir='ltr'>est</span> <span class='ocrx_word' id='word_1_236' title='bbox 237 2222 347 2268; x_wconf 84' lang='lat' dir='ltr'>ratio</span> <span class='ocrx_word' id='word_1_237' title='bbox 376 2219 553 2265; x_wconf 77' lang='lat' dir='ltr'>alterius</span> <span class='ocrx_word' id='word_1_238' title='bbox 582 2220 859 2264; x_wconf 84' lang='lat' dir='ltr'>Sacramenti.</span> <span class='ocrx_word' id='word_1_239' title='bbox 928 2221 1051 2263; x_wconf 89' lang='lat' dir='ltr'>Nam</span> <span class='ocrx_word' id='word_1_240' title='bbox 1070 2218 1276 2264; x_wconf 84' lang='lat' dir='ltr'>securitas</span> <span class='ocrx_word' id='word_1_241' title='bbox 1304 2234 1328 2262; x_wconf 88' lang='lat' dir='ltr'>a</span> <span class='ocrx_word' id='word_1_242' title='bbox 1346 2216 1544 2280; x_wconf 75' lang='lat' dir='ltr'>pernicie</span> 
     </span>
     <span class='ocr_line' id='line_1_31' title="bbox 143 2275 1544 2355; baseline -0.006 -19"><span class='ocrx_word' id='word_1_243' title='bbox 143 2287 554 2355; x_wconf 83' lang='lat' dir='ltr'>primogenitorum</span> <span class='ocrx_word' id='word_1_244' title='bbox 576 2295 668 2331; x_wconf 88' lang='lat' dir='ltr'>erat</span> <span class='ocrx_word' id='word_1_245' title='bbox 683 2275 851 2345; x_wconf 48' lang='lat' dir='ltr'>legistis,</span> <span class='ocrx_word' id='word_1_246' title='bbox 884 2301 1000 2349; x_wconf 87' lang='lat' dir='ltr'>quae</span> <span class='ocrx_word' id='word_1_247' title='bbox 1020 2284 1301 2344; x_wconf 73' lang='lat' dir='ltr'>contingeret</span> <span class='ocrx_word' id='word_1_248' title='bbox 1320 2280 1544 2338; x_wconf 65' lang='lat' dir='ltr'>omnibus,</span> 
     </span>
     <span class='ocr_line' id='line_1_32' title="bbox 146 2348 1542 2416; baseline -0.005 -13"><span class='ocrx_word' id='word_1_249' title='bbox 146 2358 279 2403; x_wconf 87' lang='lat' dir='ltr'>etiam</span> <span class='ocrx_word' id='word_1_250' title='bbox 298 2372 391 2402; x_wconf 89' lang='lat' dir='ltr'>non</span> <span class='ocrx_word' id='word_1_251' title='bbox 410 2352 628 2408; x_wconf 83' lang='lat' dir='ltr'>fidelibus,</span> <span class='ocrx_word' id='word_1_252' title='bbox 663 2354 737 2416; x_wconf 90' lang='lat' dir='ltr'>qui</span> <span class='ocrx_word' id='word_1_253' title='bbox 766 2363 1056 2416; x_wconf 84' lang='lat' dir='ltr'>praeceptum</span> <span class='ocrx_word' id='word_1_254' title='bbox 1077 2353 1194 2412; x_wconf 87' lang='lat' dir='ltr'>Agni</span> <span class='ocrx_word' id='word_1_255' title='bbox 1217 2350 1427 2397; x_wconf 81' lang='lat' dir='ltr'>Paschalis</span> <span class='ocrx_word' id='word_1_256' title='bbox 1456 2348 1542 2396; x_wconf 52' lang='lat' dir='ltr'>ser*</span> 
     </span>
     <span class='ocr_line' id='line_1_33' title="bbox 142 2420 1542 2486; baseline -0.007 -14"><span class='ocrx_word' id='word_1_257' title='bbox 142 2421 330 2472; x_wconf 77' lang='lat' dir='ltr'>vass&#39;ent:</span> <span class='ocrx_word' id='word_1_258' title='bbox 367 2422 503 2467; x_wconf 81' lang='lat' dir='ltr'>altera</span> <span class='ocrx_word' id='word_1_259' title='bbox 521 2420 726 2466; x_wconf 86' lang='lat' dir='ltr'>securitas</span> <span class='ocrx_word' id='word_1_260' title='bbox 749 2437 773 2466; x_wconf 86' lang='lat' dir='ltr'>a</span> <span class='ocrx_word' id='word_1_261' title='bbox 792 2420 990 2486; x_wconf 87' lang='lat' dir='ltr'>pernicie</span> <span class='ocrx_word' id='word_1_262' title='bbox 1009 2420 1175 2482; x_wconf 88' lang='lat' dir='ltr'>peccati</span> <span class='ocrx_word' id='word_1_263' title='bbox 1189 2456 1200 2475; x_wconf 91' lang='lat'>‚</span> <span class='ocrx_word' id='word_1_264' title='bbox 1235 2428 1281 2464; x_wconf 91' lang='lat' dir='ltr'>et</span> <span class='ocrx_word' id='word_1_265' title='bbox 1304 2428 1451 2464; x_wconf 88' lang='lat' dir='ltr'>morte</span> <span class='ocrx_word' id='word_1_266' title='bbox 1471 2432 1542 2462; x_wconf 78' lang='lat' dir='ltr'>ae·</span> 
     </span>
     <span class='ocr_line' id='line_1_34' title="bbox 143 2484 1543 2553; baseline -0.005 -16"><span class='ocrx_word' id='word_1_267' title='bbox 143 2503 282 2547; x_wconf 85' lang='lat' dir='ltr'>terna,</span> <span class='ocrx_word' id='word_1_268' title='bbox 321 2505 430 2553; x_wconf 87' lang='lat' dir='ltr'>quae</span> <span class='ocrx_word' id='word_1_269' title='bbox 457 2490 747 2548; x_wconf 87' lang='lat' dir='ltr'>contingeret</span> <span class='ocrx_word' id='word_1_270' title='bbox 773 2497 963 2553; x_wconf 86' lang='lat' dir='ltr'>propter</span> <span class='ocrx_word' id='word_1_271' title='bbox 979 2484 1134 2533; x_wconf 87' lang='lat' dir='ltr'>Christi</span> <span class='ocrx_word' id='word_1_272' title='bbox 1166 2496 1371 2541; x_wconf 85' lang='lat' dir='ltr'>mortem,</span> <span class='ocrx_word' id='word_1_273' title='bbox 1409 2500 1543 2547; x_wconf 81' lang='lat' dir='ltr'>quam</span> 
     </span>
     <span class='ocr_line' id='line_1_35' title="bbox 143 2551 1542 2622; baseline -0.005 -17"><span class='ocrx_word' id='word_1_274' title='bbox 143 2559 247 2622; x_wconf 82' lang='lat' dir='ltr'>agni</span> <span class='ocrx_word' id='word_1_275' title='bbox 276 2555 489 2620; x_wconf 82' lang='lat' dir='ltr'>paschalis</span> <span class='ocrx_word' id='word_1_276' title='bbox 521 2552 814 2614; x_wconf 79' lang='lat' dir='ltr'>significabat,</span> <span class='ocrx_word' id='word_1_277' title='bbox 863 2567 956 2601; x_wconf 79' lang='lat' dir='ltr'>erat</span> <span class='ocrx_word' id='word_1_278' title='bbox 985 2554 1260 2614; x_wconf 79' lang='lat' dir='ltr'>Euangelica.</span> <span class='ocrx_word' id='word_1_279' title='bbox 1335 2551 1542 2613; x_wconf 85' lang='lat' dir='ltr'>Denique</span> 
     </span>
     <span class='ocr_line' id='line_1_36' title="bbox 144 2617 1542 2691; baseline -0.006 -19"><span class='ocrx_word' id='word_1_280' title='bbox 144 2642 249 2674; x_wconf 88' lang='lat' dir='ltr'>cum</span> <span class='ocrx_word' id='word_1_281' title='bbox 269 2620 642 2691; x_wconf 32' lang='lat' dir='ltr'>totius-Ameriae</span> <span class='ocrx_word' id='word_1_282' title='bbox 658 2625 705 2677; x_wconf 80' lang='lat' dir='ltr'>in</span> <span class='ocrx_word' id='word_1_283' title='bbox 726 2626 779 2672; x_wconf 90' lang='lat' dir='ltr'>V.</span> <span class='ocrx_word' id='word_1_284' title='bbox 802 2625 860 2672; x_wconf 92' lang='lat' dir='ltr'>T.</span> <span class='ocrx_word' id='word_1_285' title='bbox 881 2618 986 2675; x_wconf 66' lang='lat' dir='ltr'>esset</span> <span class='ocrx_word' id='word_1_286' title='bbox 1016 2622 1125 2669; x_wconf 84' lang='lat' dir='ltr'>ratio</span> <span class='ocrx_word' id='word_1_287' title='bbox 1146 2621 1312 2684; x_wconf 74' lang='lat' dir='ltr'>typica,</span> <span class='ocrx_word' id='word_1_288' title='bbox 1340 2617 1542 2666; x_wconf 83' lang='lat' dir='ltr'>haberet-</span> 
     </span>
    </p>

    <p class='ocr_par' dir='ltr' id='par_1_4' title="bbox 1443 2702 1535 2751">
     <span class='ocr_line' id='line_1_37' title="bbox 1443 2702 1535 2751; baseline -0.033 -16"><span class='ocrx_word' id='word_1_289' title='bbox 1443 2702 1535 2751; x_wconf 87' lang='lat' dir='ltr'>que</span> 
     </span>
    </p>
   </div>
  </div>
 </body>
</html>
