1682 3068
143 145 243 184 220,
446 143 729 178 vxmncmt
767 145 1023 178 annu-111
1051 147 1274 179 D!V1Nl'⁹

247 261 323 314 38.
349 251 505 299 Primis
525 248 666 300 statim
687 269 712 299 a
729 259 946 318 corrupto
965 269 1130 315 genere
1146 252 1346 301 humano
1363 235 1540 319 tempo*

140 318 264 372 ribus
284 319 493 382 Sacrificia
523 324 942 376 commemorantur,
984 322 1091 368 Gen.
1118 323 1198 378 IV,
1232 337 1274 384 3.
1295 324 1350 368 In
1377 322 1429 368 iis
1454 320 1539 370 effe

140 387 312 437 nullam
341 387 590 451 naturalem
618 390 839 436 rationem
858 389 945 435 Dei
972 389 1159 442 colendi,
1191 391 1236 436 in
1268 405 1325 436 eo
1352 389 1539 437 consem

141 458 266 505 tiunt
286 461 663 521 omneffiqmeter
680 456 893 520 quosdam
915 459 1074 503 veteris
1096 454 1321 506 Ecclesiae,
1341 457 1540 521 itemquo

141 526 370 572 Romanae
397 521 615 579 dna-ores,
642 525 718 588 qui
746 522 947 571 sacrificia
966 525 1073 585 legis
1099 525 1302 572 naturalis
1324 521 1410 571 esse
1429 541 1540 572 con·

142 591 363 645 tendunt,
398 602 647 657 propterea,
682 601 731 638 vt
760 589 912 639 Miffae
939 590 1142 639 sacrificio
1172 589 1433 656 praefidium
1464 609 1540 658 pa·

140 671 259 715 rent,
275 660 413 707 &velut
432 661 715 709 Bellarminus
736 659 791 707 de
819 663 933 708 Sacr.
956 662 1026 717 II,
1056 676 1131 721 31.
1158 658 1446 725 adstipulante
1463 663 1540 708 So·

141 732 233 778 cino
254 727 396 777 Prael.
420 729 560 776 Theol.
580 745 611 775 c.
633 745 709 776 22.
737 726 810 775 sed
837 728 919 774 alia
940 725 995 774 de
1023 724 1171 783 cauffa5
1199 728 1244 774 h.
1264 745 1300 775 e.
1318 738 1368 774 vt
1388 727 1462 775 illa
1480 727 1539 775 sa-

142 793 308 843 crificia
325 797 434 844 nihil
465 792 724 860 pertinuisse
749 798 899 842 vincat
915 794 970 841 ad
989 795 1168 842 Meffiae
1188 793 1444 843 sacrificium
1468 812 1540 842 ex·

139 865 410 930 piatorium:
445 875 594 910 vtrum
623 880 648 908 a
670 866 767 910 Deo
791 863 1054 910 hominibus
1083 862 1242 910 diserte
1273 864 1540 928 praescripta

138 931 279 980 fuerit
297 928 372 978 ista
389 931 452 978 sui
476 928 872 986 honorandisatio,
893 947 948 977 an
969 931 1164 977 humano
1183 931 1365 990 ingenio
1383 933 1456 995 pie
1474 934 1552 979 rea.

100 1006 101 1013 ’
139 1009 288 1065 perta,
320 1009 367 1046 et
392 1018 416 1046 a
431 1003 533 1046 Deo
554 997 761 1062 probata,
787 999 834 1044 in
854 1015 909 1045 eo
931 995 1255 1046 controuersiae
1273 997 1356 1045 effe
1378 996 1542 1062 aliquid

139 1062 302 1133 potest.
402 1068 461 1113 Et
492 1067 736 1114 Bellarmim‘
767 1064 946 1129 quidem
978 1068 1201 1129 Socinique
1229 1069 1383 1130 opinio
1411 1065 1540 1129 saepe

139 1134 333 1184 refutata
357 1132 418 1181 est
440 1153 463 1180 a
483 1131 737 1181 dostissimis
755 1134 1022 1192 Theologis,
1055 1135 1132 1196 qui
1150 1135 1194 1180 in
1215 1135 1542 1181 Romanae'Ee-

141 1200 295 1257 clefiae
320 1205 545 1262 Socinique
581 1200 804 1249 erroribus
842 1199 1130 1266 profligandis
1160 1199 1464 1258 elaborarunt,
1511 1216 1542 1248 e

140 1267 301 1317 nostris
328 1286 352 1314 a
370 1273 598 1318 Scherzero
620 1271 910 1329 Caſtrumque,
953 1269 1083 1313 etiam
1114 1283 1141 1312 a
1164 1269 1333 1335 Ruddeo
1361 1269 1541 1334 copiose

138 1339 187 1386 in
215 1338 274 1384 H.
296 1339 347 1384 Ε.
372 1337 424 1387 V.
453 1339 500 1385 T
521 1340 555 1384 I.
582 1354 626 1397 p.
653 1353 756 1392 143.
782 1332 831 1382 et
856 1336 993 1382 ΊῚιεοΙ.
1015 1329 1234 1401 Dogm‘l,
1260 1350 1296 1391 1,
1320 1351 1393 1395 23.
1427 1348 1543 1399 quos

140 1404 325 1459 adeant,
395 1407 472 1468 qui
507 1405 624 1452 hanc
669 1402 1010 1467 disputationem
1036 1403 1305 1464 cognoscere
1348 1405 1545 1468 cupiant.

142 1478 429 1538 Quamquam
450 1475 518 1520 vix
554 1470 616 1518 est
645 1489 758 1535 opus
778 1480 978 1518 accurata
1003 1472 1096 1516 eius
1126 1472 1352 1534 opinionis
1380 1471 1541 1520 refuta-

139 1543 293 1595 tione,
339 1543 463 1588 cuius
484 1542 645 1587 vanitas
672 1542 716 1584 in
738 1537 853 1600 ipsos
874 1538 1030 1584 oculos
1051 1540 1256 1585 incurrat.
1355 1539 1543 1600 Religio,

139 1626 278 1674 quam
301 1619 482 1655 naturae
509 1609 575 1653 lex
603 1604 830 1652 necessaria
849 1604 1000 1661 sancit,
1037 1615 1129 1651 tota
1151 1603 1213 1650 est
1232 1607 1276 1651 in
1297 1607 1430 1652 animi
1448 1607 1541 1671 pie·

139 1687 256 1732 tate,
299 1677 413 1722 nihil
446 1671 669 1721 coniunsti
702 1673 833 1720 habet
862 1689 968 1718 cum
995 1673 1224 1735 corporeis
1261 1675 1543 1738 externisque

138 1742 298 1798 rebuS,
343 1746 386 1790 in
408 1741 564 1805 quibus
595 1741 713 1787 nulla
732 1739 936 1786 naturalis
955 1755 1005 1785 ac
1022 1738 1251 1786 necessaria
1269 1745 1334 1788 vis
1361 1739 1471 1788 inest
1488 1739 1545 1788 ad

137 1815 292 1861 Deum
315 1808 574 1863 colendum,
609 1807 680 1855 sed
694 1845 705 1863 ,
740 1805 770 1852 fi
793 1823 924 1871 quam
946 1806 1110 1854 habent
1129 1823 1231 1854 cum
1253 1810 1418 1872 pietate
1437 1825 1543 1856 con-

139 1877 440 1934 iunstioneim
508 1894 603 1923 eam
641 1873 791 1922 nastae
829 1874 932 1920 sunt
973 1874 1151 1921 arbitrio
1185 1875 1254 1922 vel
1286 1874 1440 1923 diuino
1473 1876 1543 1925 vel

107 1966 114 1969 1
139 1946 366 2000 humano,
408 1961 492 1992 nec
508 1962 559 1991 ea
578 1944 840 2003 intelligltur
859 1958 941 2006 per
963 1942 1023 1997 se,
1067 1941 1191 2006 quod
1217 1940 1301 1989 effe
1329 1942 1463 2007 debet
1482 1950 1543 1992 *in

138 2013 412 2064 naturalibus
432 2013 656 2071 religionis
668 2008 877 2074 partibuS‚
898 2008 968 2055 sed
987 2011 1371 2073 interpretatione.
1404 2010 1544 2068 Quod

139 2091 292 2130 autem
305 2079 358 2128 ad
370 2081 551 2127 alteram
565 2077 862 2144 quaestionem
878 2079 1048 2130 attinet,
1060 2077 1261 2135 fatemur,
1271 2079 1398 2143 saepe
1413 2078 1544 2126 nobis

139 2148 262 2198 idem
293 2149 458 2205 visum,
507 2165 602 2194 rem
631 2146 868 2204 diligenter
896 2143 1295 2203 considerantibus,
1348 2146 1470 2210 quod
1503 2148 1543 2194 I.

140 2219 280 2268 chr.
313 2218 611 2279 Hottingerus‚
659 2218 709 2263 V.
732 2218 778 2260 C.
807 2216 853 2259 in
877 2214 1082 2262 Exercitt.
1111 2217 1160 2260 de
1190 2213 1368 2278 Origine
1389 2214 1546 2277 sacrif.

139 2284 381 2334 Patriarclz.
401 2286 442 2336 Ι,
468 2302 509 2339 4.
532 2286 575 2343 ²⁸)
612 2280 850 2337 iudicabat,
890 2278 1090 2327 nondum
1120 2292 1214 2327 eam
1234 2280 1297 2327 ‘ad
1324 2280 1544 2344 liquidum

139 2349 426 2420 perdustarm
466 2359 513 2397 et
532 2350 632 2397 satis
651 2348 825 2396 idoneis
849 2349 1117 2409 argumentis
1136 2346 1351 2397 firmatam
1370 2349 1542 2397 senten·

1431 2418 1544 2464 tiam

198 2534 242 2588 ¹)
275 2533 446 2573 Primum
477 2531 608 2572 editae
637 2529 724 2571 sunt
754 2530 977 2594 Marpurgi·
995 2531 1112 2581 1706.
1142 2530 1242 2570 curis
1269 2530 1545 2584 posterioribus

255 2588 492 2687 emfiffdatae
520 2597 562 2631 et
591 2587 723 2630 auf-’tae
751 2586 939 2645 prodiere
966 2600 1008 2627 m
1032 2583 1161 2640 Museo
1179 2584 1288 2629 Helu.
1311 2585 1355 2628 T.
1374 2586 1469 2648 LP.
1490 2578 1546 2633 II.-

255 2656 294 2688 Οἵ
379 2674 389 2686 0
