<?xml version="1.0" encoding="UTF-8"?>
<!DOCTYPE html PUBLIC "-//W3C//DTD XHTML 1.0 Transitional//EN"
    "http://www.w3.org/TR/xhtml1/DTD/xhtml1-transitional.dtd">
<html xmlns="http://www.w3.org/1999/xhtml" xml:lang="en" lang="en">
 <head>
  <title>
</title>
<meta http-equiv="Content-Type" content="text/html;charset=utf-8" />
  <meta name='ocr-system' content='tesseract 3.04.00' />
  <meta name='ocr-capabilities' content='ocr_page ocr_carea ocr_par ocr_line ocrx_word'/>
</head>
<body>
  <div class='ocr_page' id='page_1' title='image "./opusculatheologi00erneuoft_0298.png"; bbox 0 0 1682 3068; ppageno 0'>
   <div class='ocr_carea' id='block_1_1' title="bbox 169 165 1272 225">
    <p class='ocr_par' dir='ltr' id='par_1_1' title="bbox 169 165 1272 225">
     <span class='ocr_line' id='line_1_1' title="bbox 169 165 1272 225; baseline -0.002 -13"><span class='ocrx_word' id='word_1_1' title='bbox 169 165 267 225; x_wconf 83' lang='lat'>276</span> <span class='ocrx_word' id='word_1_2' title='bbox 471 176 761 208; x_wconf 68' lang='lat' dir='ltr'>vmmcmr.</span> <span class='ocrx_word' id='word_1_3' title='bbox 799 176 1058 209; x_wconf 59' lang='lat' dir='ltr'>nanu-1³11</span> <span class='ocrx_word' id='word_1_4' title='bbox 1091 178 1272 211; x_wconf 78' lang='lat' dir='ltr'>mvnu</span> 
     </span>
    </p>
   </div>
   <div class='ocr_carea' id='block_1_2' title="bbox 109 282 1572 2654">
    <p class='ocr_par' dir='ltr' id='par_1_2' title="bbox 165 282 1572 1093">
     <span class='ocr_line' id='line_1_2' title="bbox 167 282 1569 350; baseline -0.001 -17"><span class='ocrx_word' id='word_1_5' title='bbox 167 293 368 350; x_wconf 89' lang='lat' dir='ltr'>cuperet.</span> <span class='ocrx_word' id='word_1_6' title='bbox 438 285 495 331; x_wconf 87' lang='lat' dir='ltr'>Et</span> <span class='ocrx_word' id='word_1_7' title='bbox 514 295 609 331; x_wconf 81' lang='lat' dir='ltr'>erat</span> <span class='ocrx_word' id='word_1_8' title='bbox 628 283 744 331; x_wconf 88' lang='lat' dir='ltr'>illius</span> <span class='ocrx_word' id='word_1_9' title='bbox 762 282 972 332; x_wconf 87' lang='lat' dir='ltr'>bonitatis</span> <span class='ocrx_word' id='word_1_10' title='bbox 993 295 1115 333; x_wconf 89' lang='lat' dir='ltr'>tanta</span> <span class='ocrx_word' id='word_1_11' title='bbox 1134 283 1382 341; x_wconf 80' lang='lat' dir='ltr'>neeeffitas&#39;,</span> <span class='ocrx_word' id='word_1_12' title='bbox 1413 293 1462 332; x_wconf 84' lang='lat' dir='ltr'>vt</span> <span class='ocrx_word' id='word_1_13' title='bbox 1477 282 1569 333; x_wconf 80' lang='lat' dir='ltr'>fine</span> 
     </span>
     <span class='ocr_line' id='line_1_3' title="bbox 165 349 1571 417; baseline 0 -17"><span class='ocrx_word' id='word_1_14' title='bbox 165 356 217 400; x_wconf 73' lang='lat' dir='ltr'>&#39;ea</span> <span class='ocrx_word' id='word_1_15' title='bbox 238 362 470 417; x_wconf 86' lang='lat' dir='ltr'>nunquam</span> <span class='ocrx_word' id='word_1_16' title='bbox 493 366 640 407; x_wconf 82' lang='lat' dir='ltr'>verae,</span> <span class='ocrx_word' id='word_1_17' title='bbox 671 354 883 414; x_wconf 19' lang='lat' dir='ltr'>‘integrae</span> <span class='ocrx_word' id='word_1_18' title='bbox 912 363 960 400; x_wconf 86' lang='lat' dir='ltr'>et</span> <span class='ocrx_word' id='word_1_19' title='bbox 984 350 1222 401; x_wconf 83' lang='lat' dir='ltr'>constantis</span> <span class='ocrx_word' id='word_1_20' title='bbox 1242 349 1480 400; x_wconf 66' lang='lat' dir='ltr'>sanstitatis</span> <span class='ocrx_word' id='word_1_21' title='bbox 1517 369 1571 400; x_wconf 86' lang='lat' dir='ltr'>ae</span> 
     </span>
     <span class='ocr_line' id='line_1_4' title="bbox 168 418 1572 484; baseline -0.001 -15"><span class='ocrx_word' id='word_1_22' title='bbox 168 421 345 470; x_wconf 85' lang='lat' dir='ltr'>virtutis</span> <span class='ocrx_word' id='word_1_23' title='bbox 372 419 555 467; x_wconf 83' lang='lat' dir='ltr'>facultas</span> <span class='ocrx_word' id='word_1_24' title='bbox 576 421 840 480; x_wconf 81' lang='lat' dir='ltr'>contingere</span> <span class='ocrx_word' id='word_1_25' title='bbox 867 418 1099 484; x_wconf 80' lang='lat' dir='ltr'>potuiffet:</span> <span class='ocrx_word' id='word_1_26' title='bbox 1141 437 1255 483; x_wconf 85' lang='lat' dir='ltr'>quae</span> <span class='ocrx_word' id='word_1_27' title='bbox 1281 436 1403 467; x_wconf 88' lang='lat' dir='ltr'>nunc</span> <span class='ocrx_word' id='word_1_28' title='bbox 1433 422 1572 468; x_wconf 76' lang='lat' dir='ltr'>etiam</span> 
     </span>
     <span class='ocr_line' id='line_1_5' title="bbox 168 485 1572 553; baseline 0 -18"><span class='ocrx_word' id='word_1_29' title='bbox 168 490 233 536; x_wconf 83' lang='lat' dir='ltr'>ita</span> <span class='ocrx_word' id='word_1_30' title='bbox 246 497 540 553; x_wconf 82' lang='lat' dir='ltr'>oppugnatur</span> <span class='ocrx_word' id='word_1_31' title='bbox 557 487 751 552; x_wconf 88' lang='lat' dir='ltr'>vndique</span> <span class='ocrx_word' id='word_1_32' title='bbox 767 501 792 534; x_wconf 74' lang='lat' dir='ltr'>a</span> <span class='ocrx_word' id='word_1_33' title='bbox 811 488 1006 553; x_wconf 87' lang='lat' dir='ltr'>reliquiis</span> <span class='ocrx_word' id='word_1_34' title='bbox 1026 485 1271 535; x_wconf 64' lang='lat' dir='ltr'>vitiositatis</span> <span class='ocrx_word' id='word_1_35' title='bbox 1292 488 1511 546; x_wconf 82' lang='lat' dir='ltr'>naturalis,</span> <span class='ocrx_word' id='word_1_36' title='bbox 1521 499 1572 536; x_wconf 91' lang='lat' dir='ltr'>vt</span> 
     </span>
     <span class='ocr_line' id='line_1_6' title="bbox 168 552 1572 620; baseline -0.001 -17"><span class='ocrx_word' id='word_1_37' title='bbox 168 556 298 620; x_wconf 80' lang='lat' dir='ltr'>saepe</span> <span class='ocrx_word' id='word_1_38' title='bbox 318 552 418 620; x_wconf 92' lang='lat' dir='ltr'>post</span> <span class='ocrx_word' id='word_1_39' title='bbox 438 569 620 616; x_wconf 86' lang='lat' dir='ltr'>grauem</span> <span class='ocrx_word' id='word_1_40' title='bbox 638 553 819 603; x_wconf 87' lang='lat' dir='ltr'>demum</span> <span class='ocrx_word' id='word_1_41' title='bbox 831 566 877 602; x_wconf 90' lang='lat' dir='ltr'>et</span> <span class='ocrx_word' id='word_1_42' title='bbox 893 555 1077 618; x_wconf 77' lang='lat' dir='ltr'>long-am</span> <span class='ocrx_word' id='word_1_43' title='bbox 1097 553 1259 603; x_wconf 73' lang='lat' dir='ltr'>lustam</span> <span class='ocrx_word' id='word_1_44' title='bbox 1269 557 1428 603; x_wconf 78' lang='lat' dir='ltr'>vincat.</span> <span class='ocrx_word' id='word_1_45' title='bbox 1447 557 1572 602; x_wconf 83' lang='lat' dir='ltr'>Huic</span> 
     </span>
     <span class='ocr_line' id='line_1_7' title="bbox 169 620 1571 688; baseline -0.001 -17"><span class='ocrx_word' id='word_1_46' title='bbox 169 634 319 672; x_wconf 85' lang='lat' dir='ltr'>autem</span> <span class='ocrx_word' id='word_1_47' title='bbox 339 621 525 670; x_wconf 81' lang='lat' dir='ltr'>bonitati</span> <span class='ocrx_word' id='word_1_48' title='bbox 540 637 621 688; x_wconf 84' lang='lat' dir='ltr'>par</span> <span class='ocrx_word' id='word_1_49' title='bbox 640 620 707 670; x_wconf 75' lang='lat' dir='ltr'>est</span> <span class='ocrx_word' id='word_1_50' title='bbox 719 621 940 688; x_wconf 78' lang='lat' dir='ltr'>sapientia,</span> <span class='ocrx_word' id='word_1_51' title='bbox 960 640 1074 688; x_wconf 88' lang='lat' dir='ltr'>quae</span> <span class='ocrx_word' id='word_1_52' title='bbox 1091 624 1289 671; x_wconf 87' lang='lat' dir='ltr'>cernitur</span> <span class='ocrx_word' id='word_1_53' title='bbox 1307 625 1354 670; x_wconf 89' lang='lat' dir='ltr'>in</span> <span class='ocrx_word' id='word_1_54' title='bbox 1368 640 1436 681; x_wconf 87' lang='lat' dir='ltr'>eo,</span> <span class='ocrx_word' id='word_1_55' title='bbox 1447 621 1571 688; x_wconf 86' lang='lat' dir='ltr'>quod</span> 
     </span>
     <span class='ocr_line' id='line_1_8' title="bbox 171 689 1570 756; baseline 0 -18"><span class='ocrx_word' id='word_1_56' title='bbox 171 693 393 756; x_wconf 84' lang='lat' dir='ltr'>Spiritum</span> <span class='ocrx_word' id='word_1_57' title='bbox 404 691 535 738; x_wconf 86' lang='lat' dir='ltr'>suum·</span> <span class='ocrx_word' id='word_1_58' title='bbox 548 689 696 738; x_wconf 83' lang='lat' dir='ltr'>noluit</span> <span class='ocrx_word' id='word_1_59' title='bbox 714 692 756 737; x_wconf 85' lang='lat' dir='ltr'>vi</span> <span class='ocrx_word' id='word_1_60' title='bbox 775 689 945 738; x_wconf 88' lang='lat' dir='ltr'>infinita</span> <span class='ocrx_word' id='word_1_61' title='bbox 967 707 1100 753; x_wconf 84' lang='lat' dir='ltr'>agere</span> <span class='ocrx_word' id='word_1_62' title='bbox 1117 702 1165 738; x_wconf 90' lang='lat' dir='ltr'>et</span> <span class='ocrx_word' id='word_1_63' title='bbox 1193 689 1390 738; x_wconf 83' lang='lat' dir='ltr'>absolute</span> <span class='ocrx_word' id='word_1_64' title='bbox 1409 693 1455 738; x_wconf 90' lang='lat' dir='ltr'>in</span> <span class='ocrx_word' id='word_1_65' title='bbox 1477 690 1570 738; x_wconf 86' lang='lat' dir='ltr'>san-</span> 
     </span>
     <span class='ocr_line' id='line_1_9' title="bbox 170 755 1568 824; baseline -0.001 -17"><span class='ocrx_word' id='word_1_66' title='bbox 170 757 413 808; x_wconf 69' lang='lat' dir='ltr'>stificandis</span> <span class='ocrx_word' id='word_1_67' title='bbox 433 757 661 813; x_wconf 81' lang='lat' dir='ltr'>fidelibus,</span> <span class='ocrx_word' id='word_1_68' title='bbox 691 768 739 805; x_wconf 72' lang='lat' dir='ltr'>et</span> <span class='ocrx_word' id='word_1_69' title='bbox 757 755 970 824; x_wconf 87' lang='lat' dir='ltr'>operibus</span> <span class='ocrx_word' id='word_1_70' title='bbox 991 756 1227 805; x_wconf 72' lang='lat' dir='ltr'>sanffitatis</span> <span class='ocrx_word' id='word_1_71' title='bbox 1248 756 1504 814; x_wconf 81' lang='lat' dir='ltr'>efficiendis,</span> <span class='ocrx_word' id='word_1_72' title='bbox 1521 759 1568 806; x_wconf 83' lang='lat' dir='ltr'>in</span> 
     </span>
     <span class='ocr_line' id='line_1_10' title="bbox 171 822 1571 893; baseline -0.001 -19"><span class='ocrx_word' id='word_1_73' title='bbox 171 842 266 893; x_wconf 90' lang='lat' dir='ltr'>quo</span> <span class='ocrx_word' id='word_1_74' title='bbox 287 823 395 874; x_wconf 81' lang='lat' dir='ltr'>effet</span> <span class='ocrx_word' id='word_1_75' title='bbox 409 822 580 873; x_wconf 68' lang='lat' dir='ltr'>coastio</span> <span class='ocrx_word' id='word_1_76' title='bbox 602 834 650 872; x_wconf 85' lang='lat' dir='ltr'>et</span> <span class='ocrx_word' id='word_1_77' title='bbox 666 827 756 881; x_wconf 82' lang='lat' dir='ltr'>vis,</span> <span class='ocrx_word' id='word_1_78' title='bbox 803 827 874 872; x_wconf 88' lang='lat' dir='ltr'>cui</span> <span class='ocrx_word' id='word_1_79' title='bbox 904 824 1033 872; x_wconf 82' lang='lat' dir='ltr'>refisti</span> <span class='ocrx_word' id='word_1_80' title='bbox 1052 842 1145 873; x_wconf 90' lang='lat' dir='ltr'>non</span> <span class='ocrx_word' id='word_1_81' title='bbox 1174 824 1339 891; x_wconf 72' lang='lat' dir='ltr'>posset,</span> <span class='ocrx_word' id='word_1_82' title='bbox 1386 825 1571 874; x_wconf 77' lang='lat' dir='ltr'>tollens·</span> 
     </span>
     <span class='ocr_line' id='line_1_11' title="bbox 171 891 1570 958; baseline -0.002 -17"><span class='ocrx_word' id='word_1_83' title='bbox 171 912 262 956; x_wconf 84' lang='lat' dir='ltr'>que</span> <span class='ocrx_word' id='word_1_84' title='bbox 290 895 462 942; x_wconf 87' lang='lat' dir='ltr'>virtutis</span> <span class='ocrx_word' id='word_1_85' title='bbox 487 896 741 950; x_wconf 87' lang='lat' dir='ltr'>veritatem,</span> <span class='ocrx_word' id='word_1_86' title='bbox 790 910 924 958; x_wconf 88' lang='lat' dir='ltr'>quae,</span> <span class='ocrx_word' id='word_1_87' title='bbox 975 892 1052 939; x_wconf 78' lang='lat' dir='ltr'>nisi</span> <span class='ocrx_word' id='word_1_88' title='bbox 1078 891 1281 941; x_wconf 79' lang='lat' dir='ltr'>libertate</span> <span class='ocrx_word' id='word_1_89' title='bbox 1307 892 1439 948; x_wconf 86' lang='lat' dir='ltr'>salua,</span> <span class='ocrx_word' id='word_1_90' title='bbox 1476 891 1570 957; x_wconf 85' lang='lat' dir='ltr'>ipsa</span> 
     </span>
     <span class='ocr_line' id='line_1_12' title="bbox 170 955 1570 1026; baseline -0.002 -15"><span class='ocrx_word' id='word_1_91' title='bbox 170 955 389 1011; x_wconf 68' lang='lat' dir='ltr'>saluaess‘e</span> <span class='ocrx_word' id='word_1_92' title='bbox 406 975 504 1007; x_wconf 85' lang='lat' dir='ltr'>non·</span> <span class='ocrx_word' id='word_1_93' title='bbox 515 958 683 1025; x_wconf 87' lang='lat' dir='ltr'>potest:</span> <span class='ocrx_word' id='word_1_94' title='bbox 726 959 799 1007; x_wconf 88' lang='lat' dir='ltr'>sed</span> <span class='ocrx_word' id='word_1_95' title='bbox 818 965 946 1008; x_wconf 70' lang='lat' dir='ltr'>modo</span> <span class='ocrx_word' id='word_1_96' title='bbox 959 965 1153 1026; x_wconf 81' lang='lat' dir='ltr'>quodam,</span> <span class='ocrx_word' id='word_1_97' title='bbox 1193 971 1301 1026; x_wconf 89' lang='lat' dir='ltr'>apto</span> <span class='ocrx_word' id='word_1_98' title='bbox 1322 958 1378 1007; x_wconf 88' lang='lat' dir='ltr'>ad</span> <span class='ocrx_word' id='word_1_99' title='bbox 1396 960 1570 1008; x_wconf 85' lang='lat' dir='ltr'>conser-</span> 
     </span>
     <span class='ocr_line' id='line_1_13' title="bbox 170 1028 1237 1093; baseline -0.001 -15"><span class='ocrx_word' id='word_1_100' title='bbox 170 1033 396 1078; x_wconf 85' lang='lat' dir='ltr'>vationem</span> <span class='ocrx_word' id='word_1_101' title='bbox 416 1028 630 1075; x_wconf 84' lang='lat' dir='ltr'>libertatis</span> <span class='ocrx_word' id='word_1_102' title='bbox 649 1029 892 1084; x_wconf 79' lang='lat' dir='ltr'>humanae,</span> <span class='ocrx_word' id='word_1_103' title='bbox 929 1038 976 1074; x_wconf 87' lang='lat' dir='ltr'>et</span> <span class='ocrx_word' id='word_1_104' title='bbox 1002 1030 1092 1093; x_wconf 84' lang='lat' dir='ltr'>lege</span> <span class='ocrx_word' id='word_1_105' title='bbox 1110 1037 1237 1077; x_wconf 80' lang='lat' dir='ltr'>certa.</span> 
     </span>
    </p>

    <p class='ocr_par' dir='ltr' id='par_1_3' title="bbox 109 1092 1570 2654">
     <span class='ocr_line' id='line_1_14' title="bbox 209 1092 1570 1153; baseline -0.004 -9"><span class='ocrx_word' id='word_1_106' title='bbox 209 1107 211 1110; x_wconf 84' lang='lat'>&#39;</span> <span class='ocrx_word' id='word_1_107' title='bbox 269 1105 343 1153; x_wconf 84' lang='lat'>88.</span> <span class='ocrx_word' id='word_1_108' title='bbox 392 1100 512 1143; x_wconf 86' lang='lat' dir='ltr'>Nam</span> <span class='ocrx_word' id='word_1_109' title='bbox 533 1097 595 1142; x_wconf 90' lang='lat' dir='ltr'>vti</span> <span class='ocrx_word' id='word_1_110' title='bbox 614 1095 912 1143; x_wconf 80' lang='lat' dir='ltr'>conuertendi</span> <span class='ocrx_word' id='word_1_111' title='bbox 933 1096 1127 1144; x_wconf 87' lang='lat' dir='ltr'>hominis</span> <span class='ocrx_word' id='word_1_112' title='bbox 1141 1132 1153 1152; x_wconf 89' lang='lat'>‚</span> <span class='ocrx_word' id='word_1_113' title='bbox 1191 1099 1254 1143; x_wconf 74' lang='lat' dir='ltr'>ita</span> <span class='ocrx_word' id='word_1_114' title='bbox 1278 1092 1570 1145; x_wconf 69' lang='lat' dir='ltr'>sanssificandi</span> 
     </span>
     <span class='ocr_line' id='line_1_15' title="bbox 168 1158 1568 1229; baseline -0.002 -16"><span class='ocrx_word' id='word_1_115' title='bbox 168 1158 388 1213; x_wconf 85' lang='lat' dir='ltr'>rationem</span> <span class='ocrx_word' id='word_1_116' title='bbox 407 1178 592 1212; x_wconf 86' lang='lat' dir='ltr'>omnem</span> <span class='ocrx_word' id='word_1_117' title='bbox 610 1162 670 1209; x_wconf 73' lang='lat' dir='ltr'>{ic</span> <span class='ocrx_word' id='word_1_118' title='bbox 685 1162 907 1212; x_wconf 83' lang='lat' dir='ltr'>adstrinxit</span> <span class='ocrx_word' id='word_1_119' title='bbox 918 1161 1056 1211; x_wconf 86' lang='lat' dir='ltr'>verbo</span> <span class='ocrx_word' id='word_1_120' title='bbox 1077 1164 1174 1218; x_wconf 89' lang='lat' dir='ltr'>suo,</span> <span class='ocrx_word' id='word_1_121' title='bbox 1191 1173 1239 1211; x_wconf 85' lang='lat' dir='ltr'>vt</span> <span class='ocrx_word' id='word_1_122' title='bbox 1258 1179 1342 1229; x_wconf 88' lang='lat' dir='ltr'>per</span> <span class='ocrx_word' id='word_1_123' title='bbox 1357 1161 1402 1209; x_wconf 86' lang='lat' dir='ltr'>id</span> <span class='ocrx_word' id='word_1_124' title='bbox 1422 1163 1568 1210; x_wconf 82' lang='lat' dir='ltr'>solum</span> 
     </span>
     <span class='ocr_line' id='line_1_16' title="bbox 168 1229 1567 1299; baseline -0.003 -18"><span class='ocrx_word' id='word_1_125' title='bbox 168 1250 285 1299; x_wconf 86' lang='lat' dir='ltr'>opus</span> <span class='ocrx_word' id='word_1_126' title='bbox 312 1242 554 1295; x_wconf 87' lang='lat' dir='ltr'>vtrumque</span> <span class='ocrx_word' id='word_1_127' title='bbox 581 1242 872 1295; x_wconf 83' lang='lat' dir='ltr'>perageretur</span> <span class='ocrx_word' id='word_1_128' title='bbox 899 1249 924 1279; x_wconf 90' lang='lat' dir='ltr'>a</span> <span class='ocrx_word' id='word_1_129' title='bbox 953 1233 1118 1296; x_wconf 84' lang='lat' dir='ltr'>Spiritu</span> <span class='ocrx_word' id='word_1_130' title='bbox 1147 1230 1251 1287; x_wconf 88' lang='lat' dir='ltr'>suo,</span> <span class='ocrx_word' id='word_1_131' title='bbox 1302 1245 1395 1277; x_wconf 91' lang='lat' dir='ltr'>non</span> <span class='ocrx_word' id='word_1_132' title='bbox 1426 1229 1567 1277; x_wconf 88' lang='lat' dir='ltr'>modo</span> 
     </span>
     <span class='ocr_line' id='line_1_17' title="bbox 167 1295 1568 1356; baseline -0.004 -7"><span class='ocrx_word' id='word_1_133' title='bbox 167 1298 399 1356; x_wconf 84' lang='lat' dir='ltr'>docendo,</span> <span class='ocrx_word' id='word_1_134' title='bbox 439 1297 512 1346; x_wconf 87' lang='lat' dir='ltr'>sed</span> <span class='ocrx_word' id='word_1_135' title='bbox 541 1300 673 1345; x_wconf 84' lang='lat' dir='ltr'>etiam</span> <span class='ocrx_word' id='word_1_136' title='bbox 702 1295 938 1346; x_wconf 87' lang='lat' dir='ltr'>efficiendo</span> <span class='ocrx_word' id='word_1_137' title='bbox 970 1299 1074 1347; x_wconf 83' lang='lat' dir='ltr'>Luc.</span> <span class='ocrx_word' id='word_1_138' title='bbox 1104 1299 1252 1354; x_wconf 86' lang='lat' dir='ltr'><em>XVI,</em></span> <span class='ocrx_word' id='word_1_139' title='bbox 1284 1314 1357 1355; x_wconf 86' lang='lat'>29·</span> <span class='ocrx_word' id='word_1_140' title='bbox 1381 1312 1456 1354; x_wconf 85' lang='lat'>31.</span> <span class='ocrx_word' id='word_1_141' title='bbox 1494 1299 1568 1345; x_wconf 85' lang='lat' dir='ltr'>Io·</span> 
     </span>
     <span class='ocr_line' id='line_1_18' title="bbox 166 1364 1568 1430; baseline -0.005 -13"><span class='ocrx_word' id='word_1_142' title='bbox 166 1367 328 1424; x_wconf 87' lang='lat' dir='ltr'><em>XVII,</em></span> <span class='ocrx_word' id='word_1_143' title='bbox 357 1383 427 1424; x_wconf 88' lang='lat'>17.</span> <span class='ocrx_word' id='word_1_144' title='bbox 464 1383 483 1412; x_wconf 91' lang='lat'>1</span> <span class='ocrx_word' id='word_1_145' title='bbox 510 1366 632 1413; x_wconf 84' lang='lat' dir='ltr'>Petr.</span> <span class='ocrx_word' id='word_1_146' title='bbox 652 1369 690 1424; x_wconf 94' lang='lat' dir='ltr'>I,</span> <span class='ocrx_word' id='word_1_147' title='bbox 714 1383 790 1414; x_wconf 87' lang='lat'>22.</span> <span class='ocrx_word' id='word_1_148' title='bbox 812 1382 888 1425; x_wconf 87' lang='lat'>23.</span> <span class='ocrx_word' id='word_1_149' title='bbox 939 1368 1043 1420; x_wconf 85' lang='lat' dir='ltr'>Qua</span> <span class='ocrx_word' id='word_1_150' title='bbox 1061 1383 1112 1413; x_wconf 86' lang='lat' dir='ltr'>re</span> <span class='ocrx_word' id='word_1_151' title='bbox 1130 1364 1181 1412; x_wconf 81' lang='lat' dir='ltr'>fit</span> <span class='ocrx_word' id='word_1_152' title='bbox 1197 1365 1415 1430; x_wconf 87' lang='lat' dir='ltr'>primum,</span> <span class='ocrx_word' id='word_1_153' title='bbox 1433 1373 1483 1412; x_wconf 83' lang='lat' dir='ltr'>vt</span> <span class='ocrx_word' id='word_1_154' title='bbox 1498 1365 1568 1411; x_wconf 76' lang='lat' dir='ltr'>vis</span> 
     </span>
     <span class='ocr_line' id='line_1_19' title="bbox 167 1431 1566 1501; baseline -0.004 -18"><span class='ocrx_word' id='word_1_155' title='bbox 167 1438 360 1501; x_wconf 87' lang='lat' dir='ltr'>Spiritus</span> <span class='ocrx_word' id='word_1_156' title='bbox 372 1431 516 1481; x_wconf 72' lang='lat' dir='ltr'>Sansti</span> <span class='ocrx_word' id='word_1_157' title='bbox 539 1450 683 1496; x_wconf 88' lang='lat' dir='ltr'>agens,</span> <span class='ocrx_word' id='word_1_158' title='bbox 696 1434 764 1480; x_wconf 88' lang='lat' dir='ltr'>vel</span> <span class='ocrx_word' id='word_1_159' title='bbox 776 1435 820 1481; x_wconf 91' lang='lat' dir='ltr'>in</span> <span class='ocrx_word' id='word_1_160' title='bbox 832 1431 1107 1481; x_wconf 67' lang='lat' dir='ltr'>intellestum</span> <span class='ocrx_word' id='word_1_161' title='bbox 1127 1433 1323 1480; x_wconf 78' lang='lat' dir='ltr'>hominis</span> <span class='ocrx_word' id='word_1_162' title='bbox 1341 1433 1413 1480; x_wconf 78' lang='lat' dir='ltr'>vel</span> <span class='ocrx_word' id='word_1_163' title='bbox 1430 1433 1475 1478; x_wconf 87' lang='lat' dir='ltr'>in</span> <span class='ocrx_word' id='word_1_164' title='bbox 1487 1446 1566 1479; x_wconf 88' lang='grc' dir='ltr'>νο-</span> 
     </span>
     <span class='ocr_line' id='line_1_20' title="bbox 167 1495 1566 1566; baseline -0.003 -15"><span class='ocrx_word' id='word_1_165' title='bbox 167 1506 388 1551; x_wconf 85' lang='lat' dir='ltr'>luntatem</span> <span class='ocrx_word' id='word_1_166' title='bbox 400 1538 412 1558; x_wconf 96' lang='lat'>,</span> <span class='ocrx_word' id='word_1_167' title='bbox 447 1518 552 1548; x_wconf 87' lang='lat' dir='ltr'>cum</span> <span class='ocrx_word' id='word_1_168' title='bbox 570 1518 652 1566; x_wconf 88' lang='lat' dir='ltr'>per</span> <span class='ocrx_word' id='word_1_169' title='bbox 670 1501 712 1547; x_wconf 86' lang='lat' dir='ltr'>se</span> <span class='ocrx_word' id='word_1_170' title='bbox 730 1498 783 1548; x_wconf 83' lang='lat' dir='ltr'>{it</span> <span class='ocrx_word' id='word_1_171' title='bbox 802 1500 994 1559; x_wconf 81' lang='lat' dir='ltr'>infinita,</span> <span class='ocrx_word' id='word_1_172' title='bbox 1026 1499 1210 1566; x_wconf 64' lang='grc' dir='ltr'><em>ἄμαχος</em></span> <span class='ocrx_word' id='word_1_173' title='bbox 1227 1510 1273 1548; x_wconf 87' lang='lat' dir='ltr'>et</span> <span class='ocrx_word' id='word_1_174' title='bbox 1291 1495 1566 1566; x_wconf 72' lang='grc' dir='ltr'>α’νυπίςβλη-</span> 
     </span>
     <span class='ocr_line' id='line_1_21' title="bbox 168 1566 1566 1632; baseline -0.004 -15"><span class='ocrx_word' id='word_1_175' title='bbox 168 1591 261 1628; x_wconf 82' lang='grc' dir='ltr'><strong><em>τος,</em></strong></span> <span class='ocrx_word' id='word_1_176' title='bbox 302 1575 431 1630; x_wconf 80' lang='lat' dir='ltr'>(nam</span> <span class='ocrx_word' id='word_1_177' title='bbox 451 1566 512 1615; x_wconf 90' lang='lat' dir='ltr'>est</span> <span class='ocrx_word' id='word_1_178' title='bbox 531 1571 577 1616; x_wconf 91' lang='lat' dir='ltr'>in</span> <span class='ocrx_word' id='word_1_179' title='bbox 597 1579 711 1616; x_wconf 82' lang='lat' dir='ltr'>nutu</span> <span class='ocrx_word' id='word_1_180' title='bbox 729 1570 967 1617; x_wconf 83' lang='lat' dir='ltr'>voluntatis</span> <span class='ocrx_word' id='word_1_181' title='bbox 985 1571 1099 1622; x_wconf 89' lang='lat' dir='ltr'>eius,</span> <span class='ocrx_word' id='word_1_182' title='bbox 1136 1571 1211 1615; x_wconf 90' lang='lat' dir='ltr'>cui</span> <span class='ocrx_word' id='word_1_183' title='bbox 1241 1567 1492 1632; x_wconf 78' lang='lat' dir='ltr'>simpliciter</span> <span class='ocrx_word' id='word_1_184' title='bbox 1518 1575 1566 1612; x_wconf 86' lang='lat' dir='ltr'>et</span> 
     </span>
     <span class='ocr_line' id='line_1_22' title="bbox 109 1630 1565 1701; baseline -0.005 -15"><span class='ocrx_word' id='word_1_185' title='bbox 109 1683 127 1690; x_wconf 26' lang='lat' dir='ltr'>r.</span> <span class='ocrx_word' id='word_1_186' title='bbox 166 1640 333 1687; x_wconf 82' lang='lat' dir='ltr'>nullius</span> <span class='ocrx_word' id='word_1_187' title='bbox 352 1639 417 1684; x_wconf 87' lang='lat' dir='ltr'>rei</span> <span class='ocrx_word' id='word_1_188' title='bbox 435 1636 586 1684; x_wconf 83' lang='lat' dir='ltr'>finitae</span> <span class='ocrx_word' id='word_1_189' title='bbox 604 1639 862 1684; x_wconf 89' lang='lat' dir='ltr'>interuentu</span> <span class='ocrx_word' id='word_1_190' title='bbox 881 1635 1178 1701; x_wconf 84' lang='lat' dir='ltr'>[immediate]</span> <span class='ocrx_word' id='word_1_191' title='bbox 1195 1636 1356 1696; x_wconf 84' lang='lat' dir='ltr'>agenti,</span> <span class='ocrx_word' id='word_1_192' title='bbox 1375 1630 1565 1680; x_wconf 69' lang='lat' dir='ltr'>resistere</span> 
     </span>
     <span class='ocr_line' id='line_1_23' title="bbox 167 1699 1563 1770; baseline -0.005 -16"><span class='ocrx_word' id='word_1_193' title='bbox 167 1708 280 1754; x_wconf 86' lang='lat' dir='ltr'>nihil</span> <span class='ocrx_word' id='word_1_194' title='bbox 298 1702 466 1770; x_wconf 79' lang='lat' dir='ltr'>potest,</span> <span class='ocrx_word' id='word_1_195' title='bbox 499 1707 622 1752; x_wconf 83' lang='lat' dir='ltr'>Rom.</span> <span class='ocrx_word' id='word_1_196' title='bbox 640 1705 735 1758; x_wconf 91' lang='lat' dir='ltr'>IX,</span> <span class='ocrx_word' id='word_1_197' title='bbox 767 1707 867 1766; x_wconf 88' lang='lat'>19.)</span> <span class='ocrx_word' id='word_1_198' title='bbox 904 1713 950 1750; x_wconf 91' lang='lat' dir='ltr'>vt</span> <span class='ocrx_word' id='word_1_199' title='bbox 967 1719 1015 1750; x_wconf 84' lang='lat' dir='ltr'>ea</span> <span class='ocrx_word' id='word_1_200' title='bbox 1044 1705 1181 1764; x_wconf 85' lang='lat' dir='ltr'>igitur</span> <span class='ocrx_word' id='word_1_201' title='bbox 1201 1704 1386 1766; x_wconf 85' lang='lat' dir='ltr'>accipiat</span> <span class='ocrx_word' id='word_1_202' title='bbox 1403 1703 1447 1748; x_wconf 90' lang='lat' dir='ltr'>in</span> <span class='ocrx_word' id='word_1_203' title='bbox 1465 1699 1563 1767; x_wconf 80' lang='lat' dir='ltr'>ipso</span> 
     </span>
     <span class='ocr_line' id='line_1_24' title="bbox 167 1768 1563 1837; baseline -0.005 -15"><span class='ocrx_word' id='word_1_204' title='bbox 167 1772 267 1823; x_wconf 69' lang='lat' dir='ltr'>astu</span> <span class='ocrx_word' id='word_1_205' title='bbox 288 1774 479 1837; x_wconf 85' lang='lat' dir='ltr'>aliquem</span> <span class='ocrx_word' id='word_1_206' title='bbox 501 1770 710 1827; x_wconf 85' lang='lat' dir='ltr'>modum,</span> <span class='ocrx_word' id='word_1_207' title='bbox 749 1770 803 1817; x_wconf 85' lang='lat' dir='ltr'>ab</span> <span class='ocrx_word' id='word_1_208' title='bbox 832 1768 1110 1818; x_wconf 84' lang='lat' dir='ltr'>instrumenti</span> <span class='ocrx_word' id='word_1_209' title='bbox 1147 1770 1355 1833; x_wconf 87' lang='lat' dir='ltr'>[medii]</span> <span class='ocrx_word' id='word_1_210' title='bbox 1394 1779 1563 1826; x_wconf 72' lang='lat' dir='ltr'>natura,</span> 
     </span>
     <span class='ocr_line' id='line_1_25' title="bbox 166 1833 1561 1907; baseline -0.004 -18"><span class='ocrx_word' id='word_1_211' title='bbox 166 1859 250 1907; x_wconf 87' lang='lat' dir='ltr'>per</span> <span class='ocrx_word' id='word_1_212' title='bbox 269 1849 406 1905; x_wconf 87' lang='lat' dir='ltr'>quem</span> <span class='ocrx_word' id='word_1_213' title='bbox 433 1839 503 1886; x_wconf 89' lang='lat' dir='ltr'>illa</span> <span class='ocrx_word' id='word_1_214' title='bbox 525 1835 687 1885; x_wconf 63' lang='lat' dir='ltr'>&gt;sufficit</span> <span class='ocrx_word' id='word_1_215' title='bbox 705 1839 886 1900; x_wconf 89' lang='lat' dir='ltr'>quidem</span> <span class='ocrx_word' id='word_1_216' title='bbox 914 1837 1171 1886; x_wconf 86' lang='lat' dir='ltr'>efficiendae</span> <span class='ocrx_word' id='word_1_217' title='bbox 1201 1837 1304 1884; x_wconf 79' lang='lat' dir='ltr'>fidei</span> <span class='ocrx_word' id='word_1_218' title='bbox 1333 1847 1379 1883; x_wconf 85' lang='lat' dir='ltr'>et</span> <span class='ocrx_word' id='word_1_219' title='bbox 1407 1833 1561 1884; x_wconf 62' lang='grc' dir='ltr'>[3ηέὶί-</span> 
     </span>
     <span class='ocr_line' id='line_1_26' title="bbox 167 1903 1561 1970; baseline -0.005 -13"><span class='ocrx_word' id='word_1_220' title='bbox 167 1911 260 1964; x_wconf 83' lang='lat' dir='ltr'>tati,</span> <span class='ocrx_word' id='word_1_221' title='bbox 289 1907 362 1955; x_wconf 84' lang='lat' dir='ltr'>secl</span> <span class='ocrx_word' id='word_1_222' title='bbox 381 1909 452 1963; x_wconf 84' lang='lat' dir='ltr'>ita,</span> <span class='ocrx_word' id='word_1_223' title='bbox 489 1919 537 1953; x_wconf 91' lang='lat' dir='ltr'>vt</span> <span class='ocrx_word' id='word_1_224' title='bbox 558 1909 597 1952; x_wconf 88' lang='lat' dir='ltr'>ei</span> <span class='ocrx_word' id='word_1_225' title='bbox 617 1903 747 1952; x_wconf 87' lang='lat' dir='ltr'>resisti</span> <span class='ocrx_word' id='word_1_226' title='bbox 764 1904 907 1970; x_wconf 79' lang='lat' dir='ltr'>poffit.</span> <span class='ocrx_word' id='word_1_227' title='bbox 977 1903 1051 1953; x_wconf 86' lang='lat' dir='ltr'>Est</span> <span class='ocrx_word' id='word_1_228' title='bbox 1068 1908 1189 1953; x_wconf 87' lang='lat' dir='ltr'>enim</span> <span class='ocrx_word' id='word_1_229' title='bbox 1211 1906 1301 1952; x_wconf 89' lang='lat' dir='ltr'>hoc</span> <span class='ocrx_word' id='word_1_230' title='bbox 1317 1919 1561 1951; x_wconf 89' lang='lat' dir='ltr'>commune</span> 
     </span>
     <span class='ocr_line' id='line_1_27' title="bbox 167 1971 1561 2037; baseline -0.006 -12"><span class='ocrx_word' id='word_1_231' title='bbox 167 1978 296 2025; x_wconf 88' lang='lat' dir='ltr'>omni</span> <span class='ocrx_word' id='word_1_232' title='bbox 325 1975 478 2037; x_wconf 87' lang='lat' dir='ltr'>generi</span> <span class='ocrx_word' id='word_1_233' title='bbox 507 1971 926 2028; x_wconf 85' lang='lat' dir='ltr'>instrumentorum,</span> <span class='ocrx_word' id='word_1_234' title='bbox 973 1984 1022 2022; x_wconf 86' lang='lat' dir='ltr'>vt</span> <span class='ocrx_word' id='word_1_235' title='bbox 1050 1973 1104 2021; x_wconf 90' lang='lat' dir='ltr'>ab</span> <span class='ocrx_word' id='word_1_236' title='bbox 1141 1975 1194 2020; x_wconf 85' lang='lat' dir='ltr'>iis</span> <span class='ocrx_word' id='word_1_237' title='bbox 1218 1974 1280 2020; x_wconf 83' lang='lat' dir='ltr'>vis</span> <span class='ocrx_word' id='word_1_238' title='bbox 1309 1974 1482 2034; x_wconf 87' lang='lat' dir='ltr'>agentis</span> <span class='ocrx_word' id='word_1_239' title='bbox 1512 1971 1561 2017; x_wconf 85' lang='lat' dir='ltr'>in</span> 
     </span>
     <span class='ocr_line' id='line_1_28' title="bbox 167 2035 1559 2107; baseline -0.006 -15"><span class='ocrx_word' id='word_1_240' title='bbox 167 2042 305 2092; x_wconf 71' lang='lat' dir='ltr'>inodo</span> <span class='ocrx_word' id='word_1_241' title='bbox 326 2041 483 2104; x_wconf 80' lang='lat' dir='ltr'>agendi</span> <span class='ocrx_word' id='word_1_242' title='bbox 506 2041 848 2097; x_wconf 85' lang='lat' dir='ltr'>determinetur,</span> <span class='ocrx_word' id='word_1_243' title='bbox 892 2058 1034 2107; x_wconf 84' lang='lat' dir='ltr'>eaque</span> <span class='ocrx_word' id='word_1_244' title='bbox 1059 2042 1102 2088; x_wconf 91' lang='lat' dir='ltr'>se</span> <span class='ocrx_word' id='word_1_245' title='bbox 1122 2041 1287 2088; x_wconf 84' lang='lat' dir='ltr'>exserat</span> <span class='ocrx_word' id='word_1_246' title='bbox 1305 2040 1350 2086; x_wconf 91' lang='lat' dir='ltr'>in</span> <span class='ocrx_word' id='word_1_247' title='bbox 1381 2035 1559 2094; x_wconf 67' lang='lat' dir='ltr'>obiesto¹</span> 
     </span>
     <span class='ocr_line' id='line_1_29' title="bbox 163 2105 1559 2178; baseline -0.006 -19"><span class='ocrx_word' id='word_1_248' title='bbox 163 2119 249 2178; x_wconf 84' lang='lat' dir='ltr'>pro</span> <span class='ocrx_word' id='word_1_249' title='bbox 270 2109 548 2158; x_wconf 86' lang='lat' dir='ltr'>instrumenti</span> <span class='ocrx_word' id='word_1_250' title='bbox 569 2111 739 2156; x_wconf 86' lang='lat' dir='ltr'>ratione</span> <span class='ocrx_word' id='word_1_251' title='bbox 757 2125 810 2156; x_wconf 87' lang='lat' dir='ltr'>ac</span> <span class='ocrx_word' id='word_1_252' title='bbox 828 2119 992 2156; x_wconf 85' lang='lat' dir='ltr'>natura.</span> <span class='ocrx_word' id='word_1_253' title='bbox 1021 2107 1094 2156; x_wconf 80' lang='lat' dir='ltr'>Est</span> <span class='ocrx_word' id='word_1_254' title='bbox 1111 2122 1256 2156; x_wconf 85' lang='lat' dir='ltr'>autem</span> <span class='ocrx_word' id='word_1_255' title='bbox 1278 2106 1398 2154; x_wconf 87' lang='lat' dir='ltr'>verbi</span> <span class='ocrx_word' id='word_1_256' title='bbox 1419 2105 1559 2153; x_wconf 88' lang='lat' dir='ltr'>diuini</span> 
     </span>
     <span class='ocr_line' id='line_1_30' title="bbox 163 2172 1558 2241; baseline -0.006 -14"><span class='ocrx_word' id='word_1_257' title='bbox 163 2179 319 2227; x_wconf 87' lang='lat' dir='ltr'>eadem</span> <span class='ocrx_word' id='word_1_258' title='bbox 341 2188 514 2231; x_wconf 88' lang='lat' dir='ltr'>natura,</span> <span class='ocrx_word' id='word_1_259' title='bbox 557 2192 667 2241; x_wconf 82' lang='lat' dir='ltr'>quae</span> <span class='ocrx_word' id='word_1_260' title='bbox 687 2174 748 2222; x_wconf 88' lang='lat' dir='ltr'>est</span> <span class='ocrx_word' id='word_1_261' title='bbox 767 2180 912 2224; x_wconf 89' lang='lat' dir='ltr'>omnis</span> <span class='ocrx_word' id='word_1_262' title='bbox 933 2178 1124 2224; x_wconf 87' lang='lat' dir='ltr'>veritatis</span> <span class='ocrx_word' id='word_1_263' title='bbox 1144 2176 1198 2224; x_wconf 89' lang='lat' dir='ltr'>ad</span> <span class='ocrx_word' id='word_1_264' title='bbox 1216 2172 1437 2223; x_wconf 40' lang='lat' dir='ltr'>‘astionem</span> <span class='ocrx_word' id='word_1_265' title='bbox 1465 2173 1558 2238; x_wconf 85' lang='lat' dir='ltr'>spe·</span> 
     </span>
     <span class='ocr_line' id='line_1_31' title="bbox 162 2238 1557 2310; baseline -0.008 -15"><span class='ocrx_word' id='word_1_266' title='bbox 162 2246 343 2302; x_wconf 67' lang='lat' dir='ltr'>stantis,</span> <span class='ocrx_word' id='word_1_267' title='bbox 381 2255 428 2292; x_wconf 93' lang='lat' dir='ltr'>vt</span> <span class='ocrx_word' id='word_1_268' title='bbox 446 2246 537 2291; x_wconf 84' lang='lat' dir='ltr'>eius</span> <span class='ocrx_word' id='word_1_269' title='bbox 556 2241 671 2292; x_wconf 68' lang='lat' dir='ltr'>astio</span> <span class='ocrx_word' id='word_1_270' title='bbox 702 2241 754 2291; x_wconf 78' lang='lat' dir='ltr'>fit</span> <span class='ocrx_word' id='word_1_271' title='bbox 772 2246 968 2310; x_wconf 88' lang='lat' dir='ltr'>primum</span> <span class='ocrx_word' id='word_1_272' title='bbox 987 2246 1034 2291; x_wconf 93' lang='lat' dir='ltr'>in</span> <span class='ocrx_word' id='word_1_273' title='bbox 1055 2241 1363 2299; x_wconf 69' lang='lat' dir='ltr'>iutellestum,</span> <span class='ocrx_word' id='word_1_274' title='bbox 1394 2238 1557 2287; x_wconf 87' lang='lat' dir='ltr'>deinde</span> 
     </span>
     <span class='ocr_line' id='line_1_32' title="bbox 162 2306 1557 2379; baseline -0.004 -17"><span class='ocrx_word' id='word_1_275' title='bbox 162 2314 386 2379; x_wconf 70' lang='lat' dir='ltr'>per‘hunc</span> <span class='ocrx_word' id='word_1_276' title='bbox 402 2314 449 2359; x_wconf 91' lang='lat' dir='ltr'>in</span> <span class='ocrx_word' id='word_1_277' title='bbox 466 2312 743 2360; x_wconf 76' lang='lat' dir='ltr'>voluntatem</span> <span class='ocrx_word' id='word_1_278' title='bbox 768 2323 815 2359; x_wconf 89' lang='lat' dir='ltr'>et</span> <span class='ocrx_word' id='word_1_279' title='bbox 843 2315 1039 2359; x_wconf 86' lang='lat' dir='ltr'>animum</span> <span class='ocrx_word' id='word_1_280' title='bbox 1060 2309 1320 2360; x_wconf 82' lang='lat' dir='ltr'>vniuersum.</span> <span class='ocrx_word' id='word_1_281' title='bbox 1396 2306 1480 2357; x_wconf 79' lang='lat' dir='ltr'>Sed</span> <span class='ocrx_word' id='word_1_282' title='bbox 1506 2317 1557 2353; x_wconf 84' lang='lat' dir='ltr'>et</span> 
     </span>
     <span class='ocr_line' id='line_1_33' title="bbox 160 2372 1555 2444; baseline -0.004 -17"><span class='ocrx_word' id='word_1_283' title='bbox 160 2383 279 2429; x_wconf 87' lang='lat' dir='ltr'>illius</span> <span class='ocrx_word' id='word_1_284' title='bbox 309 2383 358 2427; x_wconf 92' lang='lat' dir='ltr'>in</span> <span class='ocrx_word' id='word_1_285' title='bbox 379 2377 664 2427; x_wconf 72' lang='lat' dir='ltr'>intellestum</span> <span class='ocrx_word' id='word_1_286' title='bbox 692 2379 900 2437; x_wconf 71' lang='lat' dir='ltr'>astionis,</span> <span class='ocrx_word' id='word_1_287' title='bbox 941 2396 965 2426; x_wconf 88' lang='lat' dir='ltr'>a</span> <span class='ocrx_word' id='word_1_288' title='bbox 992 2381 1179 2427; x_wconf 86' lang='lat' dir='ltr'>veritate</span> <span class='ocrx_word' id='word_1_289' title='bbox 1196 2375 1406 2444; x_wconf 84' lang='lat' dir='ltr'>qualibet,</span> <span class='ocrx_word' id='word_1_290' title='bbox 1447 2372 1555 2422; x_wconf 81' lang='lat' dir='ltr'>effe-</span> 
     </span>
     <span class='ocr_line' id='line_1_34' title="bbox 158 2445 1557 2512; baseline -0.006 -17"><span class='ocrx_word' id='word_1_291' title='bbox 158 2446 257 2495; x_wconf 72' lang='lat' dir='ltr'>Rus</span> <span class='ocrx_word' id='word_1_292' title='bbox 274 2447 479 2512; x_wconf 89' lang='lat' dir='ltr'>impediri</span> <span class='ocrx_word' id='word_1_293' title='bbox 498 2446 643 2511; x_wconf 87' lang='lat' dir='ltr'>potest</span> <span class='ocrx_word' id='word_1_294' title='bbox 661 2450 808 2496; x_wconf 83' lang='lat' dir='ltr'>multis</span> <span class='ocrx_word' id='word_1_295' title='bbox 822 2445 980 2504; x_wconf 85' lang='lat' dir='ltr'>modis,</span> <span class='ocrx_word' id='word_1_296' title='bbox 998 2459 1046 2494; x_wconf 86' lang='lat' dir='ltr'>vt</span> <span class='ocrx_word' id='word_1_297' title='bbox 1065 2446 1235 2496; x_wconf 84' lang='lat' dir='ltr'>constat</span> <span class='ocrx_word' id='word_1_298' title='bbox 1253 2447 1370 2491; x_wconf 88' lang='lat' dir='ltr'>inter</span> <span class='ocrx_word' id='word_1_299' title='bbox 1386 2449 1557 2499; x_wconf 65' lang='lat' dir='ltr'>omnes,</span> 
     </span>
     <span class='ocr_line' id='line_1_35' title="bbox 160 2508 1554 2567; baseline -0.004 -5"><span class='ocrx_word' id='word_1_300' title='bbox 160 2525 206 2562; x_wconf 87' lang='lat' dir='ltr'>et</span> <span class='ocrx_word' id='word_1_301' title='bbox 225 2518 371 2562; x_wconf 80' lang='lat' dir='ltr'>omnis</span> <span class='ocrx_word' id='word_1_302' title='bbox 399 2520 552 2561; x_wconf 86' lang='lat' dir='ltr'>motus</span> <span class='ocrx_word' id='word_1_303' title='bbox 580 2516 818 2564; x_wconf 81' lang='lat' dir='ltr'>voluntatis</span> <span class='ocrx_word' id='word_1_304' title='bbox 851 2525 898 2562; x_wconf 88' lang='lat' dir='ltr'>et</span> <span class='ocrx_word' id='word_1_305' title='bbox 924 2516 1057 2562; x_wconf 88' lang='lat' dir='ltr'>animi</span> <span class='ocrx_word' id='word_1_306' title='bbox 1074 2533 1126 2563; x_wconf 81' lang='lat' dir='ltr'>ex</span> <span class='ocrx_word' id='word_1_307' title='bbox 1153 2508 1380 2562; x_wconf 68' lang='lat' dir='ltr'>intellestu</span> <span class='ocrx_word' id='word_1_308' title='bbox 1413 2523 1554 2567; x_wconf 74' lang='lat' dir='ltr'>ortus,</span> 
     </span>
     <span class='ocr_line' id='line_1_36' title="bbox 156 2580 1551 2654; baseline -0.004 -26"><span class='ocrx_word' id='word_1_309' title='bbox 156 2582 270 2630; x_wconf 81' lang='lat' dir='ltr'>liber</span> <span class='ocrx_word' id='word_1_310' title='bbox 291 2581 371 2639; x_wconf 87' lang='lat' dir='ltr'>est,</span> <span class='ocrx_word' id='word_1_311' title='bbox 414 2593 460 2628; x_wconf 89' lang='lat' dir='ltr'>et</span> <span class='ocrx_word' id='word_1_312' title='bbox 485 2584 763 2645; x_wconf 87' lang='lat' dir='ltr'>repugnandi</span> <span class='ocrx_word' id='word_1_313' title='bbox 791 2582 1045 2630; x_wconf 79' lang='lat' dir='ltr'>facultatem</span> <span class='ocrx_word' id='word_1_314' title='bbox 1073 2580 1294 2646; x_wconf 86' lang='lat' dir='ltr'>relinquit.</span> <span class='ocrx_word' id='word_1_315' title='bbox 1394 2580 1551 2654; x_wconf 80' lang='lat' dir='ltr'>Itaque</span> 
     </span>
    </p>
   </div>
   <div class='ocr_carea' id='block_1_3' title="bbox 155 2644 1549 2784">
    <p class='ocr_par' dir='ltr' id='par_1_4' title="bbox 155 2644 1549 2784">
     <span class='ocr_line' id='line_1_37' title="bbox 155 2644 1549 2716; baseline -0.006 -18"><span class='ocrx_word' id='word_1_316' title='bbox 155 2664 426 2716; x_wconf 82' lang='lat' dir='ltr'>quamquam</span> <span class='ocrx_word' id='word_1_317' title='bbox 449 2651 512 2695; x_wconf 87' lang='lat' dir='ltr'>vis</span> <span class='ocrx_word' id='word_1_318' title='bbox 532 2648 675 2697; x_wconf 86' lang='lat' dir='ltr'>diuina</span> <span class='ocrx_word' id='word_1_319' title='bbox 701 2653 746 2698; x_wconf 84' lang='lat' dir='ltr'>in</span> <span class='ocrx_word' id='word_1_320' title='bbox 766 2648 905 2698; x_wconf 80' lang='lat' dir='ltr'>verbo</span> <span class='ocrx_word' id='word_1_321' title='bbox 927 2662 975 2697; x_wconf 86' lang='lat' dir='ltr'>et</span> <span class='ocrx_word' id='word_1_322' title='bbox 993 2651 1174 2698; x_wconf 80' lang='lat' dir='ltr'>veritate</span> <span class='ocrx_word' id='word_1_323' title='bbox 1192 2644 1316 2697; x_wconf 76' lang='lat' dir='ltr'>verbi</span> <span class='ocrx_word' id='word_1_324' title='bbox 1335 2661 1469 2706; x_wconf 85' lang='lat' dir='ltr'>agens</span> <span class='ocrx_word' id='word_1_325' title='bbox 1500 2660 1549 2690; x_wconf 87' lang='lat' dir='ltr'>m</span> 
     </span>
     <span class='ocr_line' id='line_1_38' title="bbox 254 2721 1547 2784; baseline -0.003 -21"><span class='ocrx_word' id='word_1_326' title='bbox 254 2726 258 2728; x_wconf 72' lang='grc'><strong>’</strong></span> <span class='ocrx_word' id='word_1_327' title='bbox 284 2725 307 2748; x_wconf 62' lang='grc' dir='ltr'>ἰ·</span> <span class='ocrx_word' id='word_1_328' title='bbox 337 2728 341 2730; x_wconf 62' lang='grc'><em>“</em></span> <span class='ocrx_word' id='word_1_329' title='bbox 1344 2721 1547 2784; x_wconf 47' lang='lat' dir='ltr'>mentem</span> 
     </span>
    </p>
   </div>
  </div>
 </body>
</html>
