<?xml version="1.0" encoding="UTF-8"?>
<!DOCTYPE html PUBLIC "-//W3C//DTD XHTML 1.0 Transitional//EN"
    "http://www.w3.org/TR/xhtml1/DTD/xhtml1-transitional.dtd">
<html xmlns="http://www.w3.org/1999/xhtml" xml:lang="en" lang="en">
 <head>
  <title>
</title>
<meta http-equiv="Content-Type" content="text/html;charset=utf-8" />
  <meta name='ocr-system' content='tesseract 3.04.00' />
  <meta name='ocr-capabilities' content='ocr_page ocr_carea ocr_par ocr_line ocrx_word'/>
</head>
<body>
  <div class='ocr_page' id='page_1' title='image "./opusculatheologi00erneuoft_0046.png"; bbox 0 0 1682 3068; ppageno 0'>
   <div class='ocr_carea' id='block_1_1' title="bbox 126 160 940 206">
    <p class='ocr_par' dir='ltr' id='par_1_1' title="bbox 126 160 940 206">
     <span class='ocr_line' id='line_1_1' title="bbox 126 160 940 206; baseline -0.005 -12"><span class='ocrx_word' id='word_1_1' title='bbox 126 161 190 206; x_wconf 86' lang='lat'><strong>24</strong></span> <span class='ocrx_word' id='word_1_2' title='bbox 707 160 940 191; x_wconf 61' lang='lat' dir='ltr'><strong>aua-1</strong></span> 
     </span>
    </p>
   </div>
   <div class='ocr_carea' id='block_1_2' title="bbox 122 265 1558 2629">
    <p class='ocr_par' dir='ltr' id='par_1_2' title="bbox 122 265 1558 2629">
     <span class='ocr_line' id='line_1_2' title="bbox 126 265 1537 333; baseline 0 -18"><span class='ocrx_word' id='word_1_3' title='bbox 126 265 406 325; x_wconf 83' lang='lat' dir='ltr'><strong>hominibus,</strong></span> <span class='ocrx_word' id='word_1_4' title='bbox 441 275 597 327; x_wconf 85' lang='lat' dir='ltr'><strong>atque,</strong></span> <span class='ocrx_word' id='word_1_5' title='bbox 641 276 690 314; x_wconf 92' lang='lat' dir='ltr'><strong>vt</strong></span> <span class='ocrx_word' id='word_1_6' title='bbox 710 283 797 328; x_wconf 76' lang='lat' dir='ltr'><strong>ego</strong></span> <span class='ocrx_word' id='word_1_7' title='bbox 818 267 1029 322; x_wconf 82' lang='lat' dir='ltr'>arbitror,</span> <span class='ocrx_word' id='word_1_8' title='bbox 1065 266 1140 333; x_wconf 78' lang='lat' dir='ltr'><strong>ipsi</strong></span> <span class='ocrx_word' id='word_1_9' title='bbox 1163 268 1378 330; x_wconf 83' lang='lat' dir='ltr'><strong><em>Damaso,</em></strong></span> <span class='ocrx_word' id='word_1_10' title='bbox 1422 270 1537 316; x_wconf 87' lang='lat' dir='ltr'><strong>Pon·</strong></span> 
     </span>
     <span class='ocr_line' id='line_1_3' title="bbox 127 334 1535 399; baseline -0.001 -17"><span class='ocrx_word' id='word_1_11' title='bbox 127 334 239 383; x_wconf 83' lang='lat' dir='ltr'><strong>tifici</strong></span> <span class='ocrx_word' id='word_1_12' title='bbox 278 339 407 381; x_wconf 85' lang='lat' dir='ltr'><strong>Rom.</strong></span> <span class='ocrx_word' id='word_1_13' title='bbox 446 335 639 387; x_wconf 81' lang='lat' dir='ltr'><strong>homini,</strong></span> <span class='ocrx_word' id='word_1_14' title='bbox 684 344 732 381; x_wconf 86' lang='lat' dir='ltr'><strong>vt</strong></span> <span class='ocrx_word' id='word_1_15' title='bbox 771 337 1046 398; x_wconf 66' lang='lat' dir='ltr'><strong>Hieronymus</strong></span> <span class='ocrx_word' id='word_1_16' title='bbox 1088 335 1173 394; x_wconf 90' lang='lat' dir='ltr'><strong>(cle</strong></span> <span class='ocrx_word' id='word_1_17' title='bbox 1211 335 1355 399; x_wconf 80' lang='lat' dir='ltr'><strong>script.</strong></span> <span class='ocrx_word' id='word_1_18' title='bbox 1388 336 1535 396; x_wconf 83' lang='lat' dir='ltr'><strong>Eccl.)</strong></span> 
     </span>
     <span class='ocr_line' id='line_1_4' title="bbox 130 401 1533 465; baseline 0.001 -16"><span class='ocrx_word' id='word_1_19' title='bbox 130 412 284 458; x_wconf 85' lang='lat' dir='ltr'><strong>vocat,</strong></span> <span class='ocrx_word' id='word_1_20' title='bbox 320 404 534 461; x_wconf 82' lang='lat' dir='ltr'><strong>elegantis</strong></span> <span class='ocrx_word' id='word_1_21' title='bbox 557 403 734 461; x_wconf 71' lang='lat' dir='ltr'><strong>ingenii,</strong></span> <span class='ocrx_word' id='word_1_22' title='bbox 769 404 843 465; x_wconf 85' lang='lat' dir='ltr'><strong>qui</strong></span> <span class='ocrx_word' id='word_1_23' title='bbox 865 405 997 450; x_wconf 78' lang='lat' dir='ltr'><strong>etiam</strong></span> <span class='ocrx_word' id='word_1_24' title='bbox 1020 404 1240 463; x_wconf 81' lang='lat' dir='ltr'><strong>elegantes</strong></span> <span class='ocrx_word' id='word_1_25' title='bbox 1263 415 1308 450; x_wconf 88' lang='lat' dir='ltr'><strong>et</strong></span> <span class='ocrx_word' id='word_1_26' title='bbox 1329 401 1533 450; x_wconf 87' lang='lat' dir='ltr'><strong>venustos</strong></span> 
     </span>
     <span class='ocr_line' id='line_1_5' title="bbox 131 468 1532 533; baseline -0.001 -14"><span class='ocrx_word' id='word_1_27' title='bbox 131 470 278 519; x_wconf 84' lang='lat' dir='ltr'><strong>versus</strong></span> <span class='ocrx_word' id='word_1_28' title='bbox 306 468 538 518; x_wconf 73' lang='lat' dir='ltr'><strong>scriberet:</strong></span> <span class='ocrx_word' id='word_1_29' title='bbox 583 479 632 516; x_wconf 85' lang='lat' dir='ltr'><strong>vt</strong></span> <span class='ocrx_word' id='word_1_30' title='bbox 650 486 741 519; x_wconf 82' lang='lat' dir='ltr'><strong>non</strong></span> <span class='ocrx_word' id='word_1_31' title='bbox 762 470 921 521; x_wconf 76' lang='lat' dir='ltr'><strong>modo,</strong></span> <span class='ocrx_word' id='word_1_32' title='bbox 967 470 1090 533; x_wconf 89' lang='lat' dir='ltr'><strong>quod</strong></span> <span class='ocrx_word' id='word_1_33' title='bbox 1120 469 1214 516; x_wconf 81' lang='lat' dir='ltr'><strong>libri</strong></span> <span class='ocrx_word' id='word_1_34' title='bbox 1246 473 1373 517; x_wconf 85' lang='lat' dir='ltr'><strong>nimis</strong></span> <span class='ocrx_word' id='word_1_35' title='bbox 1402 472 1532 518; x_wconf 80' lang='lat' dir='ltr'><strong>varia-</strong></span> 
     </span>
     <span class='ocr_line' id='line_1_6' title="bbox 131 537 1536 599; baseline -0.001 -13"><span class='ocrx_word' id='word_1_36' title='bbox 131 549 253 594; x_wconf 83' lang='lat' dir='ltr'><strong>rent,</strong></span> <span class='ocrx_word' id='word_1_37' title='bbox 302 537 542 592; x_wconf 86' lang='lat' dir='ltr'><strong>sedetiam,</strong></span> <span class='ocrx_word' id='word_1_38' title='bbox 586 537 706 599; x_wconf 89' lang='lat' dir='ltr'><strong>quod</strong></span> <span class='ocrx_word' id='word_1_39' title='bbox 729 554 870 598; x_wconf 83' lang='lat' dir='ltr'><strong>genus</strong></span> <span class='ocrx_word' id='word_1_40' title='bbox 897 538 1071 584; x_wconf 84' lang='lat' dir='ltr'><strong>dicendi</strong></span> <span class='ocrx_word' id='word_1_41' title='bbox 1103 538 1343 592; x_wconf 77' lang='lat' dir='ltr'><strong>rideretur,</strong></span> <span class='ocrx_word' id='word_1_42' title='bbox 1383 555 1536 584; x_wconf 88' lang='lat' dir='ltr'><strong>veren-</strong></span> 
     </span>
     <span class='ocr_line' id='line_1_7' title="bbox 133 602 1536 669; baseline -0.001 -16"><span class='ocrx_word' id='word_1_43' title='bbox 133 605 333 668; x_wconf 84' lang='lat' dir='ltr'><strong>dumque</strong></span> <span class='ocrx_word' id='word_1_44' title='bbox 351 602 467 662; x_wconf 80' lang='lat' dir='ltr'><strong>effet,</strong></span> <span class='ocrx_word' id='word_1_45' title='bbox 497 616 826 659; x_wconf 11' lang='lat' dir='ltr'><strong>nelcontemtus</strong></span> <span class='ocrx_word' id='word_1_46' title='bbox 846 606 919 653; x_wconf 86' lang='lat' dir='ltr'><strong>ille</strong></span> <span class='ocrx_word' id='word_1_47' title='bbox 940 623 962 652; x_wconf 88' lang='lat' dir='ltr'><strong>a</strong></span> <span class='ocrx_word' id='word_1_48' title='bbox 984 604 1127 652; x_wconf 86' lang='lat' dir='ltr'><strong>verbis</strong></span> <span class='ocrx_word' id='word_1_49' title='bbox 1146 605 1199 652; x_wconf 85' lang='lat' dir='ltr'><strong>ad</strong></span> <span class='ocrx_word' id='word_1_50' title='bbox 1222 624 1303 662; x_wconf 89' lang='lat' dir='ltr'><strong>res,</strong></span> <span class='ocrx_word' id='word_1_51' title='bbox 1335 609 1410 669; x_wconf 86' lang='lat' dir='ltr'><strong>qui</strong></span> <span class='ocrx_word' id='word_1_52' title='bbox 1433 605 1536 652; x_wconf 81' lang='lat' dir='ltr'><strong>faci-</strong></span> 
     </span>
     <span class='ocr_line' id='line_1_8' title="bbox 130 669 1536 731; baseline -0.001 -9"><span class='ocrx_word' id='word_1_53' title='bbox 130 669 183 722; x_wconf 81' lang='lat' dir='ltr'><strong>lis</strong></span> <span class='ocrx_word' id='word_1_54' title='bbox 208 683 254 720; x_wconf 89' lang='lat' dir='ltr'><strong>et</strong></span> <span class='ocrx_word' id='word_1_55' title='bbox 275 674 423 722; x_wconf 84' lang='lat' dir='ltr'><strong>breuis</strong></span> <span class='ocrx_word' id='word_1_56' title='bbox 443 670 645 720; x_wconf 81' lang='lat' dir='ltr'><strong>tranfitus</strong></span> <span class='ocrx_word' id='word_1_57' title='bbox 675 670 758 731; x_wconf 89' lang='lat' dir='ltr'><strong>est,</strong></span> <span class='ocrx_word' id='word_1_58' title='bbox 800 676 991 729; x_wconf 82' lang='lat' dir='ltr'><strong>veniret,</strong></span> <span class='ocrx_word' id='word_1_59' title='bbox 1034 672 1360 720; x_wconf 69' lang='lat' dir='ltr'><strong>comestionem</strong></span> <span class='ocrx_word' id='word_1_60' title='bbox 1383 676 1536 720; x_wconf 85' lang='lat' dir='ltr'><strong>Hiero-</strong></span> 
     </span>
     <span class='ocr_line' id='line_1_9' title="bbox 131 738 1537 808; baseline -0.003 -17"><span class='ocrx_word' id='word_1_61' title='bbox 131 758 274 808; x_wconf 79' lang='lat' dir='ltr'><strong>nymo,</strong></span> <span class='ocrx_word' id='word_1_62' title='bbox 315 738 599 789; x_wconf 82' lang='lat' dir='ltr'><strong>eruditiffimo</strong></span> <span class='ocrx_word' id='word_1_63' title='bbox 621 742 715 788; x_wconf 89' lang='lat' dir='ltr'><strong>viro</strong></span> <span class='ocrx_word' id='word_1_64' title='bbox 746 751 790 787; x_wconf 88' lang='lat' dir='ltr'><strong>et</strong></span> <span class='ocrx_word' id='word_1_65' title='bbox 819 743 1067 801; x_wconf 83' lang='lat' dir='ltr'><strong>linguarum</strong></span> <span class='ocrx_word' id='word_1_66' title='bbox 1099 740 1380 804; x_wconf 82' lang='lat' dir='ltr'><strong>peritissimo,</strong></span> <span class='ocrx_word' id='word_1_67' title='bbox 1418 757 1537 787; x_wconf 83' lang='lat' dir='ltr'><strong>man-</strong></span> 
     </span>
     <span class='ocr_line' id='line_1_10' title="bbox 133 807 1538 862; baseline -0.001 -6"><span class='ocrx_word' id='word_1_68' title='bbox 133 808 268 857; x_wconf 86' lang='lat' dir='ltr'><strong>daret.</strong></span> <span class='ocrx_word' id='word_1_69' title='bbox 373 807 523 862; x_wconf 81' lang='lat' dir='ltr'><strong>Quid?</strong></span> <span class='ocrx_word' id='word_1_70' title='bbox 567 826 669 856; x_wconf 85' lang='lat' dir='ltr'><strong>cum</strong></span> <span class='ocrx_word' id='word_1_71' title='bbox 699 807 842 856; x_wconf 89' lang='lat' dir='ltr'><strong>bonae</strong></span> <span class='ocrx_word' id='word_1_72' title='bbox 863 811 1014 855; x_wconf 85' lang='lat' dir='ltr'><strong>literae</strong></span> <span class='ocrx_word' id='word_1_73' title='bbox 1032 822 1134 855; x_wconf 90' lang='lat' dir='ltr'><strong>ante</strong></span> <span class='ocrx_word' id='word_1_74' title='bbox 1154 809 1264 855; x_wconf 88' lang='lat' dir='ltr'><strong>haec</strong></span> <span class='ocrx_word' id='word_1_75' title='bbox 1291 811 1378 855; x_wconf 87' lang='lat' dir='ltr'><strong>tria</strong></span> <span class='ocrx_word' id='word_1_76' title='bbox 1399 808 1538 854; x_wconf 85' lang='lat' dir='ltr'><strong>secula</strong></span> 
     </span>
     <span class='ocr_line' id='line_1_11' title="bbox 131 874 1539 941; baseline -0.001 -17"><span class='ocrx_word' id='word_1_77' title='bbox 131 875 296 925; x_wconf 85' lang='lat' dir='ltr'><strong>restitui</strong></span> <span class='ocrx_word' id='word_1_78' title='bbox 317 874 580 940; x_wconf 65' lang='lat' dir='ltr'><strong>coepissent,</strong></span> <span class='ocrx_word' id='word_1_79' title='bbox 616 893 708 923; x_wconf 88' lang='lat' dir='ltr'><strong>non</strong></span> <span class='ocrx_word' id='word_1_80' title='bbox 730 877 825 923; x_wconf 85' lang='lat' dir='ltr'><strong>satis</strong></span> <span class='ocrx_word' id='word_1_81' title='bbox 846 874 1033 930; x_wconf 88' lang='lat' dir='ltr'><strong>constat,</strong></span> <span class='ocrx_word' id='word_1_82' title='bbox 1071 875 1381 924; x_wconf 82' lang='lat' dir='ltr'><strong>eruditiffimos</strong></span> <span class='ocrx_word' id='word_1_83' title='bbox 1404 893 1539 941; x_wconf 77' lang='lat' dir='ltr'><strong>quos·</strong></span> 
     </span>
     <span class='ocr_line' id='line_1_12' title="bbox 133 944 1540 1009; baseline -0.001 -17"><span class='ocrx_word' id='word_1_84' title='bbox 133 945 235 994; x_wconf 82' lang='lat' dir='ltr'><strong>dam</strong></span> <span class='ocrx_word' id='word_1_85' title='bbox 264 946 489 998; x_wconf 68' lang='lat' dir='ltr'><strong>homines,</strong></span> <span class='ocrx_word' id='word_1_86' title='bbox 532 947 755 994; x_wconf 81' lang='lat' dir='ltr'><em>Lazarum</em></span> <span class='ocrx_word' id='word_1_87' title='bbox 785 947 1077 1000; x_wconf 79' lang='lat' dir='ltr'><strong>Bonamicum,</strong></span> <span class='ocrx_word' id='word_1_88' title='bbox 1123 945 1331 1009; x_wconf 81' lang='lat' dir='ltr'><strong>Angelum</strong></span> <span class='ocrx_word' id='word_1_89' title='bbox 1362 944 1540 992; x_wconf 73' lang='lat' dir='ltr'><strong>Potitia-</strong></span> 
     </span>
     <span class='ocr_line' id='line_1_13' title="bbox 131 1012 1539 1071; baseline -0.003 -11"><span class='ocrx_word' id='word_1_90' title='bbox 131 1030 250 1069; x_wconf 77' lang='lat' dir='ltr'><strong>num,</strong></span> <span class='ocrx_word' id='word_1_91' title='bbox 283 1014 462 1060; x_wconf 82' lang='lat' dir='ltr'><strong>Petrum</strong></span> <span class='ocrx_word' id='word_1_92' title='bbox 480 1013 676 1059; x_wconf 84' lang='lat' dir='ltr'><strong>Bembum</strong></span> <span class='ocrx_word' id='word_1_93' title='bbox 695 1022 741 1058; x_wconf 86' lang='lat' dir='ltr'><strong>et</strong></span> <span class='ocrx_word' id='word_1_94' title='bbox 759 1014 842 1065; x_wconf 80' lang='lat' dir='ltr'><strong>Iac.</strong></span> <span class='ocrx_word' id='word_1_95' title='bbox 863 1012 1124 1068; x_wconf 74' lang='lat' dir='ltr'><strong>Sadoletum,</strong></span> <span class='ocrx_word' id='word_1_96' title='bbox 1173 1013 1272 1058; x_wconf 88' lang='lat' dir='ltr'><strong>illos</strong></span> <span class='ocrx_word' id='word_1_97' title='bbox 1299 1012 1539 1071; x_wconf 75' lang='lat' dir='ltr'><strong>elegantio⁴</strong></span> 
     </span>
     <span class='ocr_line' id='line_1_14' title="bbox 131 1074 1542 1134; baseline -0.003 -6"><span class='ocrx_word' id='word_1_98' title='bbox 131 1097 232 1128; x_wconf 84' lang='lat' dir='ltr'><strong>rum</strong></span> <span class='ocrx_word' id='word_1_99' title='bbox 271 1080 498 1127; x_wconf 85' lang='lat' dir='ltr'><strong>literarum</strong></span> <span class='ocrx_word' id='word_1_100' title='bbox 529 1077 773 1134; x_wconf 68' lang='lat' dir='ltr'><strong>Dostores,</strong></span> <span class='ocrx_word' id='word_1_101' title='bbox 827 1080 912 1126; x_wconf 89' lang='lat' dir='ltr'><strong>hos</strong></span> <span class='ocrx_word' id='word_1_102' title='bbox 951 1095 1057 1125; x_wconf 86' lang='lat' dir='ltr'><strong>vero</strong></span> <span class='ocrx_word' id='word_1_103' title='bbox 1098 1081 1230 1127; x_wconf 81' lang='lat' dir='ltr'><strong>etiam</strong></span> <span class='ocrx_word' id='word_1_104' title='bbox 1260 1074 1542 1125; x_wconf 76' lang='lat' dir='ltr'><strong>Eccleflastici</strong></span> 
     </span>
     <span class='ocr_line' id='line_1_15' title="bbox 133 1145 1540 1208; baseline -0.003 -13"><span class='ocrx_word' id='word_1_105' title='bbox 133 1146 536 1195; x_wconf 84' lang='lat' dir='ltr'><strong>ordinis·homines</strong></span> <span class='ocrx_word' id='word_1_106' title='bbox 566 1157 611 1193; x_wconf 92' lang='lat' dir='ltr'><strong>et</strong></span> <span class='ocrx_word' id='word_1_107' title='bbox 639 1147 928 1208; x_wconf 77' lang='lat' dir='ltr'><strong>Theologos,</strong></span> <span class='ocrx_word' id='word_1_108' title='bbox 980 1149 1243 1193; x_wconf 83' lang='lat' dir='ltr'><strong>contemtim</strong></span> <span class='ocrx_word' id='word_1_109' title='bbox 1275 1146 1330 1192; x_wconf 90' lang='lat' dir='ltr'><strong>de</strong></span> <span class='ocrx_word' id='word_1_110' title='bbox 1361 1145 1540 1192; x_wconf 78' lang='lat' dir='ltr'>Psalmis</span> 
     </span>
     <span class='ocr_line' id='line_1_16' title="bbox 131 1212 1540 1281; baseline -0.004 -18"><span class='ocrx_word' id='word_1_111' title='bbox 131 1214 359 1263; x_wconf 85' lang='lat' dir='ltr'><strong>Dauidicis</strong></span> <span class='ocrx_word' id='word_1_112' title='bbox 389 1224 436 1261; x_wconf 91' lang='lat' dir='ltr'><strong>et</strong></span> <span class='ocrx_word' id='word_1_113' title='bbox 465 1214 671 1281; x_wconf 86' lang='lat' dir='ltr'><strong>Epistolis</strong></span> <span class='ocrx_word' id='word_1_114' title='bbox 698 1215 834 1261; x_wconf 85' lang='lat' dir='ltr'><strong>Paulli</strong></span> <span class='ocrx_word' id='word_1_115' title='bbox 867 1215 1041 1260; x_wconf 87' lang='lat' dir='ltr'><strong>locutos</strong></span> <span class='ocrx_word' id='word_1_116' title='bbox 1072 1212 1190 1260; x_wconf 74' lang='lat' dir='ltr'><strong>ess&#39;e?</strong></span> <span class='ocrx_word' id='word_1_117' title='bbox 1231 1231 1326 1260; x_wconf 88' lang='lat' dir='ltr'><strong>non</strong></span> <span class='ocrx_word' id='word_1_118' title='bbox 1349 1231 1440 1277; x_wconf 85' lang='lat' dir='ltr'><strong>quo</strong></span> <span class='ocrx_word' id='word_1_119' title='bbox 1477 1212 1540 1260; x_wconf 84' lang='lat' dir='ltr'><strong>illi</strong></span> 
     </span>
     <span class='ocr_line' id='line_1_17' title="bbox 131 1280 1542 1346; baseline -0.002 -17"><span class='ocrx_word' id='word_1_120' title='bbox 131 1282 352 1330; x_wconf 85' lang='lat' dir='ltr'><strong>Dauidem</strong></span> <span class='ocrx_word' id='word_1_121' title='bbox 373 1294 419 1330; x_wconf 89' lang='lat' dir='ltr'><strong>et</strong></span> <span class='ocrx_word' id='word_1_122' title='bbox 437 1284 637 1330; x_wconf 79' lang='lat' dir='ltr'><strong>Paullum</strong></span> <span class='ocrx_word' id='word_1_123' title='bbox 666 1283 948 1346; x_wconf 83' lang='lat' dir='ltr'><strong>spernerent,</strong></span> <span class='ocrx_word' id='word_1_124' title='bbox 992 1299 1106 1344; x_wconf 88' lang='lat' dir='ltr'><strong>quos</strong></span> <span class='ocrx_word' id='word_1_125' title='bbox 1136 1280 1164 1327; x_wconf 83' lang='lat' dir='ltr'><strong>si</strong></span> <span class='ocrx_word' id='word_1_126' title='bbox 1195 1292 1268 1328; x_wconf 87' lang='lat' dir='ltr'><strong>aut</strong></span> <span class='ocrx_word' id='word_1_127' title='bbox 1293 1281 1365 1327; x_wconf 89' lang='lat' dir='ltr'><strong>sua</strong></span> <span class='ocrx_word' id='word_1_128' title='bbox 1390 1281 1542 1341; x_wconf 82' lang='lat' dir='ltr'><strong>lingua</strong></span> 
     </span>
     <span class='ocr_line' id='line_1_18' title="bbox 132 1346 1542 1412; baseline -0.004 -14"><span class='ocrx_word' id='word_1_129' title='bbox 132 1351 377 1412; x_wconf 87' lang='lat' dir='ltr'><strong>loquentes</strong></span> <span class='ocrx_word' id='word_1_130' title='bbox 399 1348 647 1405; x_wconf 69' lang='lat' dir='ltr'><strong>audiissent,</strong></span> <span class='ocrx_word' id='word_1_131' title='bbox 681 1361 728 1396; x_wconf 87' lang='lat' dir='ltr'><strong>et</strong></span> <span class='ocrx_word' id='word_1_132' title='bbox 755 1349 850 1396; x_wconf 86' lang='lat' dir='ltr'><strong>satis</strong></span> <span class='ocrx_word' id='word_1_133' title='bbox 877 1348 1085 1394; x_wconf 82' lang='lat' dir='ltr'><strong>hebraice</strong></span> <span class='ocrx_word' id='word_1_134' title='bbox 1106 1346 1224 1395; x_wconf 74' lang='lat' dir='ltr'><strong>doffi</strong></span> <span class='ocrx_word' id='word_1_135' title='bbox 1257 1346 1456 1404; x_wconf 71' lang='lat' dir='ltr'><strong>fuissent,</strong></span> <span class='ocrx_word' id='word_1_136' title='bbox 1494 1357 1542 1393; x_wconf 85' lang='lat' dir='ltr'><strong>vt</strong></span> 
     </span>
     <span class='ocr_line' id='line_1_19' title="bbox 133 1412 1541 1480; baseline -0.003 -16"><span class='ocrx_word' id='word_1_137' title='bbox 133 1418 386 1479; x_wconf 80' lang='lat' dir='ltr'><strong>intelligere</strong></span> <span class='ocrx_word' id='word_1_138' title='bbox 406 1416 605 1480; x_wconf 74' lang='lat' dir='ltr'><strong>possent,</strong></span> <span class='ocrx_word' id='word_1_139' title='bbox 645 1434 838 1479; x_wconf 86' lang='lat' dir='ltr'><strong>quorum</strong></span> <span class='ocrx_word' id='word_1_140' title='bbox 859 1427 1067 1463; x_wconf 84' lang='lat' dir='ltr'><strong>neutrum</strong></span> <span class='ocrx_word' id='word_1_141' title='bbox 1090 1416 1171 1462; x_wconf 86' lang='lat' dir='ltr'><strong>illis</strong></span> <span class='ocrx_word' id='word_1_142' title='bbox 1191 1412 1420 1476; x_wconf 70' lang='lat' dir='ltr'><strong>contigisse</strong></span> <span class='ocrx_word' id='word_1_143' title='bbox 1441 1415 1541 1462; x_wconf 81' lang='lat' dir='ltr'><strong>satis</strong></span> 
     </span>
     <span class='ocr_line' id='line_1_20' title="bbox 131 1483 1542 1548; baseline -0.004 -16"><span class='ocrx_word' id='word_1_144' title='bbox 131 1485 314 1540; x_wconf 87' lang='lat' dir='ltr'><strong>scimus,</strong></span> <span class='ocrx_word' id='word_1_145' title='bbox 359 1495 433 1531; x_wconf 90' lang='lat' dir='ltr'><strong>aut</strong></span> <span class='ocrx_word' id='word_1_146' title='bbox 456 1484 605 1531; x_wconf 82' lang='lat' dir='ltr'><strong>saltem</strong></span> <span class='ocrx_word' id='word_1_147' title='bbox 634 1501 716 1548; x_wconf 82' lang='lat' dir='ltr'><strong>per</strong></span> <span class='ocrx_word' id='word_1_148' title='bbox 742 1487 1043 1547; x_wconf 85' lang='lat' dir='ltr'><strong>interpretem·</strong></span> <span class='ocrx_word' id='word_1_149' title='bbox 1064 1485 1357 1531; x_wconf 82' lang='lat' dir='ltr'><strong>Buclzananum</strong></span> <span class='ocrx_word' id='word_1_150' title='bbox 1389 1494 1436 1528; x_wconf 90' lang='lat' dir='ltr'><strong>et</strong></span> <span class='ocrx_word' id='word_1_151' title='bbox 1459 1483 1542 1529; x_wconf 86' lang='lat' dir='ltr'><strong>Ca-</strong></span> 
     </span>
     <span class='ocr_line' id='line_1_21' title="bbox 122 1546 1541 1618; baseline -0.005 -18"><span class='ocrx_word' id='word_1_152' title='bbox 122 1553 354 1618; x_wconf 74' lang='lat' dir='ltr'><strong>stellionem</strong></span> <span class='ocrx_word' id='word_1_153' title='bbox 376 1549 706 1613; x_wconf 86' lang='lat' dir='ltr'><strong>cognquissent,</strong></span> <span class='ocrx_word' id='word_1_154' title='bbox 738 1551 1028 1597; x_wconf 82' lang='lat' dir='ltr'><strong>vehementer</strong></span> <span class='ocrx_word' id='word_1_155' title='bbox 1050 1550 1252 1596; x_wconf 83' lang='lat' dir='ltr'><strong>admirati</strong></span> <span class='ocrx_word' id='word_1_156' title='bbox 1273 1547 1430 1596; x_wconf 82' lang='lat' dir='ltr'><strong>effent:</strong></span> <span class='ocrx_word' id='word_1_157' title='bbox 1468 1546 1541 1594; x_wconf 88' lang='lat' dir='ltr'><strong>sed</strong></span> 
     </span>
     <span class='ocr_line' id='line_1_22' title="bbox 132 1616 1541 1685; baseline -0.004 -18"><span class='ocrx_word' id='word_1_158' title='bbox 132 1619 260 1685; x_wconf 88' lang='lat' dir='ltr'><strong>quod</strong></span> <span class='ocrx_word' id='word_1_159' title='bbox 288 1617 409 1666; x_wconf 81' lang='lat' dir='ltr'><strong>istam</strong></span> <span class='ocrx_word' id='word_1_160' title='bbox 447 1619 862 1679; x_wconf 81' lang='lat' dir='ltr'><strong>graecohebraicam</strong></span> <span class='ocrx_word' id='word_1_161' title='bbox 893 1617 1154 1663; x_wconf 78' lang='lat' dir='ltr'><strong>latinitatem</strong></span> <span class='ocrx_word' id='word_1_162' title='bbox 1195 1633 1251 1661; x_wconf 90' lang='lat' dir='ltr'><strong>ne</strong></span> <span class='ocrx_word' id='word_1_163' title='bbox 1292 1616 1541 1676; x_wconf 86' lang='lat' dir='ltr'><strong>intelligere</strong></span> 
     </span>
     <span class='ocr_line' id='line_1_23' title="bbox 133 1682 1543 1755; baseline -0.004 -20"><span class='ocrx_word' id='word_1_164' title='bbox 133 1686 316 1755; x_wconf 86' lang='lat' dir='ltr'><strong>quidem</strong></span> <span class='ocrx_word' id='word_1_165' title='bbox 336 1689 529 1750; x_wconf 67' lang='lat' dir='ltr'><strong>pollent,</strong></span> <span class='ocrx_word' id='word_1_166' title='bbox 563 1685 728 1731; x_wconf 86' lang='lat' dir='ltr'><strong>nedum</strong></span> <span class='ocrx_word' id='word_1_167' title='bbox 748 1684 1002 1748; x_wconf 83' lang='lat' dir='ltr'><strong>probarent.</strong></span> <span class='ocrx_word' id='word_1_168' title='bbox 1085 1688 1203 1730; x_wconf 84' lang='lat' dir='ltr'><strong>Nam</strong></span> <span class='ocrx_word' id='word_1_169' title='bbox 1225 1686 1436 1731; x_wconf 75' lang='lat' dir='ltr'><strong>Horatius</strong></span> <span class='ocrx_word' id='word_1_170' title='bbox 1455 1682 1543 1738; x_wconf 77' lang='lat' dir='ltr'><strong>ille,</strong></span> 
     </span>
     <span class='ocr_line' id='line_1_24' title="bbox 132 1749 1542 1819; baseline -0.004 -16"><span class='ocrx_word' id='word_1_171' title='bbox 132 1756 212 1819; x_wconf 87' lang='lat' dir='ltr'><strong>qui</strong></span> <span class='ocrx_word' id='word_1_172' title='bbox 231 1755 469 1809; x_wconf 68' lang='lat' dir='ltr'><strong>Pindarum</strong></span> <span class='ocrx_word' id='word_1_173' title='bbox 487 1754 532 1799; x_wconf 88' lang='lat' dir='ltr'><strong>in</strong></span> <span class='ocrx_word' id='word_1_174' title='bbox 555 1755 731 1800; x_wconf 86' lang='lat' dir='ltr'><strong>coelum</strong></span> <span class='ocrx_word' id='word_1_175' title='bbox 752 1751 920 1799; x_wconf 84' lang='lat' dir='ltr'><strong>ferebat</strong></span> <span class='ocrx_word' id='word_1_176' title='bbox 939 1749 1162 1808; x_wconf 84' lang='lat' dir='ltr'><strong>laudibus,</strong></span> <span class='ocrx_word' id='word_1_177' title='bbox 1205 1763 1252 1796; x_wconf 88' lang='lat' dir='ltr'><strong>et</strong></span> <span class='ocrx_word' id='word_1_178' title='bbox 1279 1753 1439 1797; x_wconf 84' lang='lat' dir='ltr'><strong>imitari</strong></span> <span class='ocrx_word' id='word_1_179' title='bbox 1461 1749 1542 1797; x_wconf 87' lang='lat' dir='ltr'><strong>stu·</strong></span> 
     </span>
     <span class='ocr_line' id='line_1_25' title="bbox 134 1818 1540 1881; baseline -0.004 -12"><span class='ocrx_word' id='word_1_180' title='bbox 134 1820 290 1877; x_wconf 85' lang='lat' dir='ltr'><strong>debat,</strong></span> <span class='ocrx_word' id='word_1_181' title='bbox 321 1820 350 1868; x_wconf 86' lang='lat' dir='ltr'>fi</span> <span class='ocrx_word' id='word_1_182' title='bbox 368 1821 480 1867; x_wconf 87' lang='lat' dir='ltr'><strong>nihil</strong></span> <span class='ocrx_word' id='word_1_183' title='bbox 501 1819 618 1867; x_wconf 90' lang='lat' dir='ltr'><strong>aliud</strong></span> <span class='ocrx_word' id='word_1_184' title='bbox 638 1836 766 1879; x_wconf 77' lang='lat' dir='ltr'><strong>quarn</strong></span> <span class='ocrx_word' id='word_1_185' title='bbox 789 1819 963 1881; x_wconf 82' lang='lat' dir='ltr'><strong>Erasmi</strong></span> <span class='ocrx_word' id='word_1_186' title='bbox 984 1821 1177 1866; x_wconf 78' lang='lat' dir='ltr'><strong>Schmidii</strong></span> <span class='ocrx_word' id='word_1_187' title='bbox 1196 1818 1426 1865; x_wconf 80' lang='lat' dir='ltr'><strong>absurdam</strong></span> <span class='ocrx_word' id='word_1_188' title='bbox 1449 1835 1540 1864; x_wconf 86' lang='lat' dir='ltr'><strong>ver·</strong></span> 
     </span>
     <span class='ocr_line' id='line_1_26' title="bbox 133 1884 1541 1943; baseline -0.004 -5"><span class='ocrx_word' id='word_1_189' title='bbox 133 1887 303 1938; x_wconf 70' lang='lat' dir='ltr'><strong>{ionem</strong></span> <span class='ocrx_word' id='word_1_190' title='bbox 327 1887 519 1943; x_wconf 76' lang='lat' dir='ltr'><strong>vidisset,</strong></span> <span class='ocrx_word' id='word_1_191' title='bbox 576 1888 766 1934; x_wconf 85' lang='lat' dir='ltr'><strong>eundem</strong></span> <span class='ocrx_word' id='word_1_192' title='bbox 797 1888 923 1933; x_wconf 85' lang='lat' dir='ltr'><strong>illum</strong></span> <span class='ocrx_word' id='word_1_193' title='bbox 954 1885 1123 1932; x_wconf 82' lang='lat' dir='ltr'><strong>bonum</strong></span> <span class='ocrx_word' id='word_1_194' title='bbox 1157 1888 1409 1939; x_wconf 81' lang='lat' dir='ltr'><strong>Pindarum,</strong></span> <span class='ocrx_word' id='word_1_195' title='bbox 1453 1884 1541 1932; x_wconf 82' lang='lat' dir='ltr'><strong>siue</strong></span> 
     </span>
     <span class='ocr_line' id='line_1_27' title="bbox 134 1951 1541 2023; baseline -0.004 -18"><span class='ocrx_word' id='word_1_196' title='bbox 134 1959 292 2023; x_wconf 84' lang='lat' dir='ltr'><strong>potius</strong></span> <span class='ocrx_word' id='word_1_197' title='bbox 325 1954 619 2004; x_wconf 82' lang='lat' dir='ltr'><strong>miserabilem</strong></span> <span class='ocrx_word' id='word_1_198' title='bbox 637 1956 876 2002; x_wconf 76' lang='lat' dir='ltr'><strong>Schmidium</strong></span> <span class='ocrx_word' id='word_1_199' title='bbox 908 1951 1152 2000; x_wconf 65' lang='lat' dir='ltr'><strong>abiessurus</strong></span> <span class='ocrx_word' id='word_1_200' title='bbox 1181 1965 1281 2002; x_wconf 65' lang='lat' dir='ltr'><strong>erat,</strong></span> <span class='ocrx_word' id='word_1_201' title='bbox 1379 1952 1465 2000; x_wconf 85' lang='lat' dir='ltr'><strong>Sed</strong></span> <span class='ocrx_word' id='word_1_202' title='bbox 1494 1962 1541 1999; x_wconf 89' lang='lat' dir='ltr'><strong>vt</strong></span> 
     </span>
     <span class='ocr_line' id='line_1_28' title="bbox 136 2021 1541 2087; baseline -0.005 -14"><span class='ocrx_word' id='word_1_203' title='bbox 136 2026 286 2074; x_wconf 83' lang='lat' dir='ltr'><strong>veniat</strong></span> <span class='ocrx_word' id='word_1_204' title='bbox 305 2040 386 2080; x_wconf 89' lang='lat' dir='ltr'><strong>eo,</strong></span> <span class='ocrx_word' id='word_1_205' title='bbox 435 2041 524 2087; x_wconf 91' lang='lat' dir='ltr'><strong>quo</strong></span> <span class='ocrx_word' id='word_1_206' title='bbox 554 2021 786 2076; x_wconf 82' lang='lat' dir='ltr'><strong>tendebat,</strong></span> <span class='ocrx_word' id='word_1_207' title='bbox 831 2023 996 2076; x_wconf 81' lang='lat' dir='ltr'><strong>oratio,</strong></span> <span class='ocrx_word' id='word_1_208' title='bbox 1042 2022 1180 2080; x_wconf 89' lang='lat' dir='ltr'><strong>longe</strong></span> <span class='ocrx_word' id='word_1_209' title='bbox 1211 2022 1372 2075; x_wconf 78' lang='lat' dir='ltr'><strong>maius,</strong></span> <span class='ocrx_word' id='word_1_210' title='bbox 1417 2032 1541 2066; x_wconf 89' lang='lat' dir='ltr'><strong>certe</strong></span> 
     </span>
     <span class='ocr_line' id='line_1_29' title="bbox 135 2085 1558 2157; baseline -0.004 -17"><span class='ocrx_word' id='word_1_211' title='bbox 135 2093 448 2157; x_wconf 69' lang='lat' dir='ltr'><strong>latius-patens</strong></span> <span class='ocrx_word' id='word_1_212' title='bbox 469 2090 574 2136; x_wconf 89' lang='lat' dir='ltr'><strong>illud</strong></span> <span class='ocrx_word' id='word_1_213' title='bbox 595 2091 763 2136; x_wconf 86' lang='lat' dir='ltr'><strong>malum</strong></span> <span class='ocrx_word' id='word_1_214' title='bbox 784 2086 854 2145; x_wconf 91' lang='lat' dir='ltr'><strong>est,</strong></span> <span class='ocrx_word' id='word_1_215' title='bbox 877 2088 998 2152; x_wconf 85' lang='lat' dir='ltr'><strong>quod</strong></span> <span class='ocrx_word' id='word_1_216' title='bbox 1016 2106 1063 2134; x_wconf 87' lang='lat' dir='ltr'><strong>ea</strong></span> <span class='ocrx_word' id='word_1_217' title='bbox 1086 2087 1407 2153; x_wconf 82' lang='lat' dir='ltr'><strong>interpretandi</strong></span> <span class='ocrx_word' id='word_1_218' title='bbox 1429 2085 1558 2146; x_wconf 18' lang='lat' dir='ltr'><strong>ratio*-</strong></span> 
     </span>
     <span class='ocr_line' id='line_1_30' title="bbox 137 2157 1541 2220; baseline -0.004 -14"><span class='ocrx_word' id='word_1_219' title='bbox 137 2161 374 2220; x_wconf 71' lang='lat' dir='ltr'><strong>generauit</strong></span> <span class='ocrx_word' id='word_1_220' title='bbox 395 2157 603 2219; x_wconf 77' lang='lat' dir='ltr'><strong>dogmata</strong></span> <span class='ocrx_word' id='word_1_221' title='bbox 622 2157 908 2203; x_wconf 85' lang='lat' dir='ltr'><strong>abhorrentia</strong></span> <span class='ocrx_word' id='word_1_222' title='bbox 929 2174 952 2201; x_wconf 92' lang='lat' dir='ltr'><strong>a</strong></span> <span class='ocrx_word' id='word_1_223' title='bbox 974 2158 1178 2210; x_wconf 84' lang='lat' dir='ltr'><strong>veritate,</strong></span> <span class='ocrx_word' id='word_1_224' title='bbox 1219 2173 1298 2218; x_wconf 83' lang='lat' dir='ltr'><strong>per</strong></span> <span class='ocrx_word' id='word_1_225' title='bbox 1317 2173 1429 2219; x_wconf 87' lang='lat' dir='ltr'><strong>quae</strong></span> <span class='ocrx_word' id='word_1_226' title='bbox 1449 2167 1541 2200; x_wconf 88' lang='lat' dir='ltr'><strong>tur-</strong></span> 
     </span>
     <span class='ocr_line' id='line_1_31' title="bbox 136 2221 1542 2284; baseline -0.005 -10"><span class='ocrx_word' id='word_1_227' title='bbox 136 2226 265 2275; x_wconf 73' lang='lat' dir='ltr'><strong>batae</strong></span> <span class='ocrx_word' id='word_1_228' title='bbox 316 2226 418 2273; x_wconf 86' lang='lat' dir='ltr'><strong>sunt</strong></span> <span class='ocrx_word' id='word_1_229' title='bbox 455 2222 820 2284; x_wconf 73' lang='lat' dir='ltr'><strong>Christianorum]</strong></span> <span class='ocrx_word' id='word_1_230' title='bbox 852 2234 1049 2281; x_wconf 88' lang='lat' dir='ltr'><strong>mentes,</strong></span> <span class='ocrx_word' id='word_1_231' title='bbox 1098 2233 1144 2270; x_wconf 89' lang='lat' dir='ltr'><strong>et</strong></span> <span class='ocrx_word' id='word_1_232' title='bbox 1188 2221 1367 2278; x_wconf 63' lang='lat' dir='ltr'><strong>dissidia,</strong></span> <span class='ocrx_word' id='word_1_233' title='bbox 1421 2222 1542 2268; x_wconf 87' lang='lat' dir='ltr'><strong>nulla</strong></span> 
     </span>
     <span class='ocr_line' id='line_1_32' title="bbox 137 2289 1540 2357; baseline -0.006 -15"><span class='ocrx_word' id='word_1_234' title='bbox 137 2296 333 2342; x_wconf 79' lang='lat' dir='ltr'><strong>humana</strong></span> <span class='ocrx_word' id='word_1_235' title='bbox 352 2309 440 2357; x_wconf 85' lang='lat' dir='ltr'><strong>ope</strong></span> <span class='ocrx_word' id='word_1_236' title='bbox 466 2289 791 2356; x_wconf 73' lang='lat' dir='ltr'><strong>componenda.</strong></span> <span class='ocrx_word' id='word_1_237' title='bbox 870 2291 991 2337; x_wconf 90' lang='lat' dir='ltr'><strong>Mihi</strong></span> <span class='ocrx_word' id='word_1_238' title='bbox 1016 2290 1197 2355; x_wconf 88' lang='lat' dir='ltr'><strong>quidem</strong></span> <span class='ocrx_word' id='word_1_239' title='bbox 1219 2290 1390 2337; x_wconf 79' lang='lat' dir='ltr'><strong>videtur</strong></span> <span class='ocrx_word' id='word_1_240' title='bbox 1418 2292 1540 2335; x_wconf 83' lang='lat' dir='ltr'><strong>terri-</strong></span> 
     </span>
     <span class='ocr_line' id='line_1_33' title="bbox 136 2355 1542 2423; baseline -0.004 -15"><span class='ocrx_word' id='word_1_241' title='bbox 136 2360 240 2411; x_wconf 85' lang='lat' dir='ltr'><strong>bilis</strong></span> <span class='ocrx_word' id='word_1_242' title='bbox 268 2361 346 2408; x_wconf 83' lang='lat' dir='ltr'><strong>illa</strong></span> <span class='ocrx_word' id='word_1_243' title='bbox 375 2372 423 2407; x_wconf 89' lang='lat' dir='ltr'><strong>et</strong></span> <span class='ocrx_word' id='word_1_244' title='bbox 449 2357 692 2423; x_wconf 79' lang='lat' dir='ltr'><strong>abhorrens</strong></span> <span class='ocrx_word' id='word_1_245' title='bbox 723 2356 776 2405; x_wconf 89' lang='lat' dir='ltr'><strong>ab</strong></span> <span class='ocrx_word' id='word_1_246' title='bbox 817 2360 941 2404; x_wconf 87' lang='lat' dir='ltr'><strong>omni</strong></span> <span class='ocrx_word' id='word_1_247' title='bbox 983 2358 1181 2405; x_wconf 90' lang='lat' dir='ltr'><strong>humano</strong></span> <span class='ocrx_word' id='word_1_248' title='bbox 1215 2359 1338 2405; x_wconf 85' lang='lat' dir='ltr'><strong>sensu</strong></span> <span class='ocrx_word' id='word_1_249' title='bbox 1375 2355 1542 2403; x_wconf 86' lang='lat' dir='ltr'><strong>decreti</strong></span> 
     </span>
     <span class='ocr_line' id='line_1_34' title="bbox 137 2421 1541 2492; baseline -0.005 -15"><span class='ocrx_word' id='word_1_250' title='bbox 137 2427 324 2477; x_wconf 72' lang='lat' dir='ltr'><strong>absoluti</strong></span> <span class='ocrx_word' id='word_1_251' title='bbox 353 2428 508 2492; x_wconf 86' lang='lat' dir='ltr'><strong>opinio</strong></span> <span class='ocrx_word' id='word_1_252' title='bbox 538 2442 765 2489; x_wconf 89' lang='lat' dir='ltr'><strong>nunquam</strong></span> <span class='ocrx_word' id='word_1_253' title='bbox 791 2426 837 2471; x_wconf 89' lang='lat' dir='ltr'><strong>in</strong></span> <span class='ocrx_word' id='word_1_254' title='bbox 866 2426 1014 2472; x_wconf 86' lang='lat' dir='ltr'><strong>lucem</strong></span> <span class='ocrx_word' id='word_1_255' title='bbox 1043 2437 1230 2474; x_wconf 88' lang='lat' dir='ltr'><strong>ventura</strong></span> <span class='ocrx_word' id='word_1_256' title='bbox 1265 2421 1412 2482; x_wconf 74' lang='lat' dir='ltr'><strong>fuisse,</strong></span> <span class='ocrx_word' id='word_1_257' title='bbox 1461 2421 1541 2470; x_wconf 85' lang='lat' dir='ltr'><strong>nifi</strong></span> 
     </span>
     <span class='ocr_line' id='line_1_35' title="bbox 137 2491 1541 2564; baseline -0.004 -23"><span class='ocrx_word' id='word_1_258' title='bbox 137 2496 396 2564; x_wconf 73' lang='lat' dir='ltr'><strong>Augustinus</strong></span> <span class='ocrx_word' id='word_1_259' title='bbox 411 2494 560 2541; x_wconf 82' lang='lat' dir='ltr'><strong>infelix</strong></span> <span class='ocrx_word' id='word_1_260' title='bbox 578 2493 687 2540; x_wconf 90' lang='lat' dir='ltr'><strong>illud</strong></span> <span class='ocrx_word' id='word_1_261' title='bbox 710 2491 1117 2556; x_wconf 83' lang='lat' dir='ltr'><strong>praedestinationis</strong></span> <span class='ocrx_word' id='word_1_262' title='bbox 1137 2492 1323 2541; x_wconf 83' lang='lat' dir='ltr'><strong>verbum</strong></span> <span class='ocrx_word' id='word_1_263' title='bbox 1336 2529 1347 2548; x_wconf 95' lang='lat'><strong>,</strong></span> <span class='ocrx_word' id='word_1_264' title='bbox 1377 2508 1428 2546; x_wconf 83' lang='lat' dir='ltr'><strong>ex</strong></span> <span class='ocrx_word' id='word_1_265' title='bbox 1447 2502 1541 2553; x_wconf 88' lang='lat' dir='ltr'><strong>ety-</strong></span> 
     </span>
     <span class='ocr_line' id='line_1_36' title="bbox 140 2555 1542 2629; baseline -0.005 -18"><span class='ocrx_word' id='word_1_266' title='bbox 140 2564 338 2624; x_wconf 86' lang='lat' dir='ltr'><strong>mologia</strong></span> <span class='ocrx_word' id='word_1_267' title='bbox 358 2561 414 2611; x_wconf 75' lang='grc' dir='ltr'><strong>τέ</strong></span> <span class='ocrx_word' id='word_1_268' title='bbox 435 2558 680 2629; x_wconf 70' lang='grc' dir='ltr'><strong>πςοοςισμέ</strong></span> <span class='ocrx_word' id='word_1_269' title='bbox 696 2558 880 2615; x_wconf 65' lang='lat' dir='ltr'><strong>saelum,</strong></span> <span class='ocrx_word' id='word_1_270' title='bbox 918 2561 1048 2609; x_wconf 88' lang='lat' dir='ltr'><strong>nimis</strong></span> <span class='ocrx_word' id='word_1_271' title='bbox 1070 2559 1341 2624; x_wconf 80' lang='lat' dir='ltr'><strong>amplexatus</strong></span> <span class='ocrx_word' id='word_1_272' title='bbox 1362 2555 1474 2612; x_wconf 73' lang='lat' dir='ltr'><strong>effer,</strong></span> <span class='ocrx_word' id='word_1_273' title='bbox 1495 2568 1542 2604; x_wconf 91' lang='lat' dir='ltr'><strong>et</strong></span> 
     </span>
    </p>
   </div>
   <div class='ocr_carea' id='block_1_3' title="bbox 142 2624 1540 2740">
    <p class='ocr_par' dir='ltr' id='par_1_3' title="bbox 142 2624 1540 2740">
     <span class='ocr_line' id='line_1_37' title="bbox 142 2624 1540 2739; baseline -0.005 -61"><span class='ocrx_word' id='word_1_274' title='bbox 142 2632 228 2679; x_wconf 74' lang='lat' dir='ltr'><strong>suis</strong></span> <span class='ocrx_word' id='word_1_275' title='bbox 261 2631 417 2697; x_wconf 83' lang='lat' dir='ltr'><strong>potius</strong></span> <span class='ocrx_word' id='word_1_276' title='bbox 450 2628 653 2697; x_wconf 81' lang='lat' dir='ltr'><strong>partibus</strong></span> <span class='ocrx_word' id='word_1_277' title='bbox 687 2625 993 2695; x_wconf 78' lang='lat' dir='ltr'><strong>ponderaffet,</strong></span> <span class='ocrx_word' id='word_1_278' title='bbox 1046 2645 1178 2694; x_wconf 85' lang='lat' dir='ltr'><strong>quarn</strong></span> <span class='ocrx_word' id='word_1_279' title='bbox 1216 2624 1540 2739; x_wconf 52' lang='lat' dir='ltr'><strong>consuetgdine</strong></span> 
     </span>
     <span class='ocr_line' id='line_1_38' title="bbox 1449 2709 1536 2740; baseline -0.023 0"><span class='ocrx_word' id='word_1_280' title='bbox 1449 2709 1536 2740; x_wconf 70' lang='lat' dir='ltr'><strong>sae·</strong></span> 
     </span>
    </p>
   </div>
   <div class='ocr_carea' id='block_1_4' title="bbox 1640 0 1682 3068">
    <p class='ocr_par' dir='ltr' id='par_1_4' title="bbox 1640 0 1682 3068">
     <span class='ocr_line' id='line_1_39' title="bbox 1640 0 1682 3068; baseline 0 0"><span class='ocrx_word' id='word_1_281' title='bbox 1640 0 1682 3068; x_wconf 95' lang='lat' dir='ltr'><strong> </strong></span> 
     </span>
    </p>
   </div>
  </div>
 </body>
</html>
