1682 3068
180 202 278 255 374
513 209 587 240 nn:
621 188 890 242 orr‘1exo
925 197 1227 246 enauit*

187 323 325 363 tatem
355 315 500 375 gentis
533 315 798 374 Israelitica‘e,
826 319 924 366 Luc.
943 321 1013 375 II,
1035 335 1109 381 30.
1128 318 1171 385 s
1194 315 1287 368 Sed
1295 336 1398 368 eum
1417 323 1586 384 Regem

187 399 346 434 recens
379 393 535 429 natum
568 383 781 433 iubentur
801 383 993 451 pastores
1013 404 1228 450 quaerere
1246 390 1291 435 in
1313 386 1493 446 stabulo,
1522 409 1589 438 re-

188 449 383 516 positum
411 450 593 507 in·10co‚
628 453 741 500 vnde
769 452 962 517 pecudes
992 454 1203 516 pabulum
1224 456 1395 503 sumere
1412 457 1589 505 soleant.

190 523 246 566 In
275 536 365 582 quo
393 517 600 568 credibile
616 518 690 577 est,
720 521 879 582 risuros
909 521 1051 576 fuisse,
1087 521 1163 571 nist
1190 526 1440 576 reuerentia
1467 529 1590 572 vocis

193 588 420 646 angelicae
439 580 768 647 cohiberentur,
786 587 816 636 fi
841 600 941 636 cum
962 582 1247 655 popularium
1270 608 1404 654 grege
1435 591 1481 639 id
1501 610 1594 639 ver-

193 653 303 701 bum
334 655 528 701 humana
558 659 744 706 vanitate
772 647 1070 711 {estimarenm
1111 669 1157 706 et
1183 676 1279 711 non
1307 676 1413 707 cum
1442 662 1594 725 paucis

193 721 467 776 melioribus,
502 725 674 787 qualem
697 726 956 771 Simeonem
978 722 1101 771 fuiffe
1130 725 1349 781 videmus,
1383 726 1488 790 quid
1516 725 1592 774 sub

191 789 310 836 illius
332 792 527 849 nominis
546 791 716 838 terrena
746 793 937 852 imagine
966 793 1122 840 lateret
1147 792 1345 842 coelestis
1375 806 1422 841 et
1450 793 1596 846 inuisi-

194 856 293 904 bilis
322 859 539 914 veritatis,
587 859 913 920 intelligerent,
954 877 1038 906 neo
1075 863 1214 922 magis
1247 863 1323 908 hic
1362 865 1596 922 agnituros

195 928 370 985 Regem
398 928 661 983 Dominum,
690 925 768 974 fibi
800 924 1072 991 promissum,
1106 945 1240 992 quam
1270 926 1422 993 postea
1449 947 1599 993 popu-

196 993 353 1040 larium
382 993 460 1039 alia
488 993 760 1050 multitudo,
793 996 929 1044 etiam
956 1010 1062 1041 cum
1089 998 1407 1046 miraculorum
1435 996 1600 1062 spefihu

198 1060 284 1111 trix
305 1058 462 1106 fuisset.

299 1127 511 1174 Alienum
539 1128 658 1176 foret
686 1128 776 1175 hoc
805 1137 1012 1193 tempore
1039 1127 1167 1177 istum
1197 1128 1423 1195 stuporem
1453 1133 1602 1191 gentis

164 1238 171 1242 ,γ
197 1193 400 1242 Iudaicae
428 1213 806 1243 commemorare:
832 1213 988 1261 neque
1028 1200 1147 1244 enim
1170 1197 1381 1246 aduersus
1411 1198 1602 1247 Iudaeos

202 1260 423 1326 disputare
442 1266 626 1319 attinet;
646 1260 723 1310 nifi
741 1274 787 1310 et
805 1267 922 1311 inter
936 1264 1204 1316 Christianos
1223 1266 1395 1330 semper
1411 1263 1603 1323 fuissent,

201 1333 281 1393 qui
304 1331 467 1392 aliquid
487 1329 700 1389 Iudaicae,
717 1342 781 1378 ,vt
809 1333 969 1379 leniter
1000 1332 1206 1390 dicamus,
1240 1332 1527 1381 hebetudinis
1557 1344 1606 1382 eb.

204 1399 406 1459 caliginis
429 1399 474 1443 in
503 1401 684 1445 nomine
711 1401 840 1459 regio
866 1402 1111 1448 Seruatoris
1133 1399 1401 1466 proderent,
1431 1411 1478 1448 et
1497 1400 1606 1448 dum

203 1466 299 1512 aliis
330 1464 512 1512 eandem
545 1468 780 1526 caliginem
808 1465 1046 1514 offundere
1087 1479 1326 1533 cuperent,
1376 1467 1608 1516 turbarent

205 1532 455 1589 Ecclesiam,
475 1535 576 1580 viris
597 1545 747 1582 autem
762 1533 1102 1592 eruditioribus,
1118 1547 1166 1583 et
1183 1539 1342 1584 nonin
1361 1535 1607 1596 figurarum

206 1617 258 1648 ac
284 1599 524 1648 verborum
554 1604 723 1649 cortice
745 1602 1046 1659 haerentibus,
1073 1601 1145 1648 sed
1171 1620 1321 1650 rerum
1341 1604 1606 1650 interiorem

206 1681 413 1716 naturam
451 1681 603 1716 mente
631 1668 1033 1734 :perspicient-ibus,
1074 1668 1293 1716 molestias
1333 1666 1607 1718 facesserent.

207 1735 295 1784 Sed
326 1753 408 1784 nos
435 1753 531 1783 rem
558 1738 618 1782 ita
646 1735 979 1800 explicabimus,
1020 1745 1068 1781 vt
1095 1735 1257 1800 aliquid
1286 1735 1608 1800 disputationis,

205 1802 240 1853 fi
259 1803 486 1871 poffi‘muS,
521 1803 847 1859 admisceamus,
875 1819 988 1866 quae
1015 1800 1239 1850 doarinae
1266 1803 1406 1850 sacrae
1424 1805 1608 1852 aemulis

242 1869 412 1920 rodeffe
440 1870 494 1918 ad
515 1873 766 1925 ,accuratius
795 1879 842 1917 et
878 1871 1051 1933 planius
1080 1869 1418 1931 intelligendum
1450 1882 1496 1918 et
1520 1882 1608 1918 tra«

206 1883 418 1987 {tandum
450 1938 632 2004 aliquod
662 1947 797 2003 caput
825 1954 921 1987 non
951 1954 1142 2003 paruum
1161 1936 1410 2006 disciplinae
1432 1939 1610 1987 thecle«

210 2010 336 2073 gicae
365 2006 539 2071 poffint.
723 2004 725 2007 ’
1532 2042 1534 2045 -
1566 2048 1573 2053 .

221 2072 227 2075 ⁴
310 2079 455 2139 Caput
474 2073 563 2121 sine
582 2073 717 2121 dubio
738 2074 879 2120 totius
897 2071 1123 2121 doEtrinae
1143 2071 1422 2129 Christianae,
1449 2073 1498 2119 in
1515 2089 1614 2138 quo

211 2154 449 2192 vertuntur
478 2144 640 2198 omnia,
668 2139 730 2187 est
761 2140 817 2188 de
835 2141 939 2198 Iesu,
972 2141 1116 2188 salutis
1145 2150 1190 2188 et
1218 2140 1434 2188 felicitatis
1455 2141 1611 2187 huma-

212 2228 298 2259 nae
328 2208 519 2266 aussore,
558 2227 580 2257 1
615 2210 716 2259 Cor.
738 2208 829 2266 III,
851 2225 922 2257 11.
991 2207 1076 2254 Sed
1102 2207 1148 2254 id
1168 2224 1270 2256 cum
1292 2207 1439 2272 ipsum
1456 2209 1611 2271 copio-

213 2279 310 2327 sum
341 2276 395 2324 sit
422 2277 554 2324 rebus
582 2273 848 2330 necessariis,
888 2286 987 2322 tum
1013 2277 1176 2335 ingenii
1207 2275 1389 2322 humani
1416 2276 1612 2338 primum
1630 2279 1641 2286 '

214 2361 352 2411 praua
374 2344 615 2392 subtilitate
642 2344 809 2408 pariter
834 2353 878 2388 et
904 2338 1176 2389 hebetudine
1195 2352 1266 2389 tot
1288 2340 1491 2394 inanibus
1510 2343 1613 2389 irer-

214 2414 377 2461 borum
407 2410 804 2476 quaestionumque
833 2412 1015 2471 argutiis
1043 2420 1087 2456 et
1118 2412 1248 2471 nugis
1275 2416 1508 2457 oneratum
1537 2405 1611 2466 est,

216 2480 373 2527 deinde
406 2476 701 2546 peruersitate,
730 2478 890 2524 multas
922 2487 1079 2540 partes,
1110 2494 1272 2541 easque
1299 2478 1500 2523 maximas
1518 2486 1611 2521 tor-

217 2547 424 2612 quendo,
470 2558 518 2595 vt
555 2563 624 2593 eas
662 2543 738 2591 fibi
764 2556 883 2608 aptas
912 2545 1100 2598 faceret,
1140 2555 1212 2591 tot
1244 2541 1612 2611 disputationibus

216 2615 464 2680 oppletum,
496 2622 545 2661 vt
570 2613 748 2661 materia
777 2613 1025 2659 multorum
1053 2616 1101 2658 ‘et
1127 2626 1392 2672 magnorum
1421 2610 1612 2657 volumi«

198 2695 328 2736 aium
355 2678 512 2730 effesta
545 2679 611 2738 fit,
645 2697 754 2748 quae
782 2675 1452 2755 etiam*acerrimam-cogitandi
1482 2676 1615 2724 soler«

1506 2747 1615 2797 tiam
