1682 3068
316 209 376 238 nr
411 199 703 238 mammone
742 206 1155 237 consu-rvtan
1363 204 1461 252 239

22 310 48 360 3
62 312 265 363 Verbum
297 324 449 362 autem
483 311 672 367 ἀθετεῖν,
706 329 800 375 quo
834 313 932 358 vsus
961 311 1023 358 est
1050 316 1200 369 Lucas,
1230 315 1464 377 proptiam

0 355 40 454 ἔ
59 382 209 440 sedem
229 381 367 429 habet
382 383 430 428 in
448 379 636 442 legibuS,
665 390 712 426 et
732 381 779 425 in
799 380 866 434 iis,
901 383 980 442 qui
1000 378 1309 426 austoritatem
1325 380 1460 442 legis·

0 457 21 486 ἱ*
59 451 268 497 laturiam
295 448 522 506 obtinent,
562 464 759 511 quorum
800 446 986 492 decretis
1016 465 1171 511 parere
1198 448 1260 494 fas
1287 446 1367 504 est,
1412 459 1466 494 vt*

0 531 2 534 ’
59 519 197 565 Hebr.
227 519 287 574 X,
310 520 386 572 28.
406 518 497 563 Iud.
520 525 563 571 8.
585 516 855 571 Enimuero,
887 530 998 577 quae
1028 514 1082 560 de
1109 515 1325 579 baptismo
1356 516 1460 562 dixi-

60 602 177 642 mus,
206 586 350 643 ea‚'in
368 593 550 648 promtu
572 579 646 636 est,
681 583 937 628 communia
956 580 1040 628 effe
1066 586 1354 630 Sacramento
1376 587 1466 630 Ve-

59 655 167 699 teris
195 649 468 699 Testa'm‘en'ti
486 651 657 714 primo,
695 652 816 696 cuius
845 647 1021 697 visibilis
1049 651 1165 697 ratio
1194 650 1278 697 fuit
1306 654 1350 698 in
1378 670 1461 716 pu-

27 718 42 743 *
61 719 314 768 dendorum
346 720 541 766 virilium
569 714 914 765 circumcifione.
989 719 1042 763 In
1068 719 1354 766 Sacramento
1385 737 1462 766 au—

60 792 162 836 temv
182 788 384 852 corporis
417 796 465 833 et
491 784 712 847 sanguinis
731 788 760 831 Ι.
781 788 828 832 C.
846 783 972 850 quod
1001 782 1062 831 est
1087 789 1148 831 N.
1169 788 1224 832 T.
1255 787 1460 843 alterum,

62 853 248 910 etfln'on
271 852 332 900 est
347 870 428 918 par
447 851 666 917 baptismo
698 851 949 908 neceffitas5
984 864 1236 918 propterea,
1269 854 1389 916 quod
1412 858 1462 901 in

60 919 200 970 eo³est
213 924 363 986 potius
382 923 635 978 exercitatio
658 932 704 967 et
721 922 987 969 alimentum
998 919 1201 968 diuinum
1222 919 1327 968 fidei
1345 940 1463 968 amo-

58 991 208 1053 risque
235 991 281 1038 in
303 993 455 1036 Deum
481 988 795 1052 hominesque,
835 1000 882 1035 et
906 991 1073 1052 pignus
1104 990 1195 1054 spei
1222 988 1461 1053 salutisque

57 1057 232 1105 nostrae
248 1056 443 1113 amabile,
478 1073 612 1120 quam
633 1067 783 1121 partae
802 1073 885 1120 per
903 1054 1127 1104 Christum
1143 1057 1288 1104 salutis
1308 1060 1463 1104 conse-

58 1123 259 1189 quendae
287 1125 357 1172 lex
387 1135 435 1172 et
459 1123 646 1171 modus:
681 1135 829 1171 tamen
860 1122 1157 1172 neceffitatem
1177 1123 1313 1172 habet
1333 1126 1461 1180 hanc,

58 1201 119 1249 ft,
145 1193 223 1257 qui
250 1191 304 1240 fit
332 1195 376 1239 in
403 1191 614 1240 facultate
646 1192 777 1239 huius
806 1191 1075 1239 cerimoniae
1103 1194 1191 1240 rite
1214 1192 1462 1249 obeundae,

59 1272 210 1324 neque
227 1271 376 1308 tamen
397 1277 446 1306 ea
463 1259 671 1306 facultate
691 1269 852 1315 Vtatur,
885 1261 931 1305 in
952 1277 1008 1307 eo
1038 1278 1140 1307 vera
1161 1260 1270 1308 fides
1289 1259 1375 1308 effe
1396 1274 1463 1308 at·

59 1345 149 1391 que
166 1327 263 1392 spes
281 1327 392 1373 adeo
411 1327 558 1373 salutis
582 1327 698 1372 nulla
715 1325 860 1390 poffit.
928 1332 979 1374 ln
998 1345 1089 1390 quo
1103 1326 1378 1376 ‘simillimum
1399 1328 1462 1376 est

0 1435 1 1438 ,
60 1398 343 1442 sacramento
362 1397 415 1440 V.
434 1397 492 1440 T.
515 1396 560 1440 in
579 1395 704 1440 cuius
732 1394 884 1439 locum
902 1393 1111 1442 succeffit.

0 1455 1 1476 ³
158 1477 237 1524 55.
259 1460 343 1508 Sed
361 1461 564 1525 omnium
582 1462 736 1508 talium
756 1458 1061 1510 institutorum
1081 1464 1334 1510 communis
1349 1463 1462 1511 haec

28 1570 31 1575 .
62 1525 125 1575 est
148 1531 274 1586 ratio,
303 1542 352 1576 vt
373 1529 544 1576 ¹nullam
563 1528 754 1574 habeant
774 1531 1019 1577 naturalem
1042 1529 1354 1585 neceffitatem,
1386 1531 1461 1578 sed

27 1594 356 1643 nneceffitatem
384 1595 503 1644 suam
536 1595 697 1642 ducant
716 1594 768 1640 ab
797 1594 989 1644 austoris
1010 1598 1260 1652 voluntate,
1287 1597 1462 1663 sintque

58 1664 105 1710 in
125 1680 318 1712 numero
337 1680 486 1726 rerum
517 1663 876 1710 voluntariarum.
942 1668 1096 1729 anue
1127 1666 1214 1730 ipsa
1234 1666 1461 1714 neceffitas

59 1747 157 1777 non
174 1727 302 1778 estin
322 1729 603 1786 instituendo,
634 1729 708 1776 sed
726 1732 771 1776 in
792 1730 1018 1779 obeundo.
1088 1731 1280 1780 Neceffe
1300 1732 1361 1779 est
1378 1734 1461 1782 ho-

58 1799 187 1854 mini,
216 1797 424 1846 institutis
453 1797 542 1845 istis
567 1799 629 1845 vti
657 1798 896 1861 diligenter
911 1818 949 1855 ,e
978 1801 1248 1865 praescripto
1282 1801 1459 1850 diuino:

58 1865 136 1920 sed
169 1882 314 1931 neque
345 1866 491 1913 diuina
519 1882 667 1930 neque
695 1866 890 1914 humana
921 1878 1078 1916 natura
1107 1869 1245 1917 habet
1280 1869 1461 1934 aliquid,

57 1943 251 1998 propter
277 1934 402 1998 quod
431 1931 600 1980 necess‘e
627 1934 764 1981 fuerit
792 1939 918 1991 Deo,
950 1954 1019 1982 eas
1050 1948 1198 2000 partes
1227 1939 1460 1998 religionis

60 1998 339 2047 constituere.
403 1998 781 2048 Coniunstionem
808 2005 941 2063 igitur
971 2003 1138 2051 habent
1156 2021 1207 2051 ex
1226 2004 1461 2052 institutio·

58 2083 122 2113 ne
134 2067 285 2114 diuina
304 2066 583 2115 necess‘ariam
594 2084 699 2114 cum
719 2070 946 2130 religione,
975 2071 1049 2117 sed
1067 2089 1162 2119 non
1182 2089 1285 2120 cum
1305 2085 1462 2120 natura

62 2134 215 2188 diuina
233 2146 282 2180 et
300 2135 516 2182 humana:
545 2151 659 2199 quae
678 2133 707 2180 {i
726 2135 844 2191 effet,
877 2140 992 2186 ratio
1020 2139 1218 2186 humana
1236 2141 1461 2201 intellige-

59 2219 113 2249 re
138 2201 214 2248 sua
243 2202 400 2266 sponte
430 2219 501 2248 eas
528 2219 599 2248 res
628 2203 698 2248 vel
727 2204 957 2267 potuisset,
991 2207 1061 2253 vel
1090 2204 1247 2271 poffet.
1319 2207 1459 2263 Quod

59 2285 155 2316 non
172 2266 270 2324 esse,
290 2276 389 2333 quis
408 2286 501 2316 non
520 2268 771 2331 intelligat?
802 2276 969 2337 Neque
991 2292 1097 2320 vero
1118 2273 1188 2330 est,
1211 2274 1334 2338 quod
1359 2278 1458 2338 quis
1514 2267 1519 2272 ”

57 2336 191 2384 nobis
211 2335 398 2394 obiiciat,
433 2347 592 2383 omnes
611 2338 681 2383 eas
710 2350 855 2401 partes
877 2341 1117 2402 religionis,
1153 2343 1226 2387 vel
1247 2342 1458 2398 Iudaicae,

59 2405 131 2452 vel
152 2402 431 2462 Christianae,
466 2421 574 2469 quas
603 2405 867 2453 voluntarias
895 2406 1106 2464 dicamus,
1139 2411 1334 2473 primum
1359 2427 1458 2459 non
1522 2462 1528 2465 μ

35 2469 147 2534 „effe
163 2472 328 2519 alienas
353 2472 407 2519 ab
438 2470 603 2518 diuinis
630 2471 990 2534 perfestionibuS,
1020 2475 1094 2522 sed
1122 2492 1223 2524 cum
1252 2479 1310 2525 iis
1330 2495 1456 2541 prae-

62 2539 176 2586 dare
215 2539 466 2586 consentire
476 2560 489 2594 3
523 2538 682 2585 deinde
710 2539 1064 2590 accommodatas
1096 2555 1279 2591 naturae
1299 2545 1454 2593 huma-

62 2612 167 2652 me:
199 2623 308 2671 quae
326 2606 411 2654 effe
431 2606 484 2654 ab
506 2618 661 2653 natura
680 2607 852 2655 arbitrii
869 2610 1018 2656 aliena.
1053 2613 1235 2661 Etenim
1258 2630 1339 2660 nos
1361 2631 1455 2664 uon

63 2671 210 2721 sumus
227 2676 271 2733 ii,
300 2677 378 2741 qui
401 2673 665 2731 dubitemus,
699 2678 806 2741 quin
828 2693 984 2727 ornnes
1003 2677 1104 2728 illae
1123 2678 1370 2728 arbitrariae
1392 2698 1457 2747 re·

1274 2749 1455 2808 ligionis
