<?xml version="1.0" encoding="UTF-8"?>
<!DOCTYPE html PUBLIC "-//W3C//DTD XHTML 1.0 Transitional//EN"
    "http://www.w3.org/TR/xhtml1/DTD/xhtml1-transitional.dtd">
<html xmlns="http://www.w3.org/1999/xhtml" xml:lang="en" lang="en">
 <head>
  <title>
</title>
<meta http-equiv="Content-Type" content="text/html;charset=utf-8" />
  <meta name='ocr-system' content='tesseract 3.04.00' />
  <meta name='ocr-capabilities' content='ocr_page ocr_carea ocr_par ocr_line ocrx_word'/>
</head>
<body>
  <div class='ocr_page' id='page_1' title='image "./opusculatheologi00erneuoft_0506.png"; bbox 0 0 1682 3068; ppageno 0'>
   <div class='ocr_carea' id='block_1_1' title="bbox 229 160 1259 234">
    <p class='ocr_par' dir='ltr' id='par_1_1' title="bbox 229 160 1259 234">
     <span class='ocr_line' id='line_1_1' title="bbox 229 160 1259 234; baseline -0.008 -20"><span class='ocrx_word' id='word_1_1' title='bbox 229 160 329 234; x_wconf 70' lang='lat'>484</span> <span class='ocrx_word' id='word_1_2' title='bbox 589 182 651 212; x_wconf 79' lang='lat' dir='ltr'>m:</span> <span class='ocrx_word' id='word_1_3' title='bbox 689 176 1001 210; x_wconf 62' lang='lat' dir='ltr'>munna-Arm</span> <span class='ocrx_word' id='word_1_4' title='bbox 1035 176 1259 208; x_wconf 65' lang='lat' dir='ltr'>manvu</span> 
     </span>
    </p>
   </div>
   <div class='ocr_carea' id='block_1_2' title="bbox 185 278 1682 2748">
    <p class='ocr_par' dir='ltr' id='par_1_2' title="bbox 185 278 1682 1422">
     <span class='ocr_line' id='line_1_2' title="bbox 237 278 1682 353; baseline -0.008 -13"><span class='ocrx_word' id='word_1_5' title='bbox 237 302 370 353; x_wconf 85' lang='lat' dir='ltr'>motu</span> <span class='ocrx_word' id='word_1_6' title='bbox 390 290 564 345; x_wconf 78' lang='lat' dir='ltr'>feratur,</span> <span class='ocrx_word' id='word_1_7' title='bbox 590 304 720 352; x_wconf 89' lang='lat' dir='ltr'>quam</span> <span class='ocrx_word' id='word_1_8' title='bbox 741 285 904 333; x_wconf 90' lang='lat' dir='ltr'>iudicio</span> <span class='ocrx_word' id='word_1_9' title='bbox 922 284 1095 339; x_wconf 79' lang='lat' dir='ltr'>nitatur,</span> <span class='ocrx_word' id='word_1_10' title='bbox 1123 298 1207 329; x_wconf 89' lang='lat' dir='ltr'>nec</span> <span class='ocrx_word' id='word_1_11' title='bbox 1225 278 1636 331; x_wconf 67' lang='lat' dir='ltr'>timefnaa‘contra-</span> <span class='ocrx_word' id='word_1_12' title='bbox 1680 279 1682 331; x_wconf 63' lang='grc' dir='ltr'>ἶ</span> 
     </span>
     <span class='ocr_line' id='line_1_3' title="bbox 241 341 1682 419; baseline -0.011 -9"><span class='ocrx_word' id='word_1_13' title='bbox 241 364 321 410; x_wconf 88' lang='lat' dir='ltr'>hat</span> <span class='ocrx_word' id='word_1_14' title='bbox 345 360 384 406; x_wconf 86' lang='lat' dir='ltr'>se</span> <span class='ocrx_word' id='word_1_15' title='bbox 405 354 648 418; x_wconf 82' lang='lat' dir='ltr'>angustius‚·</span> <span class='ocrx_word' id='word_1_16' title='bbox 672 358 805 419; x_wconf 78' lang='lat' dir='ltr'>quam</span> <span class='ocrx_word' id='word_1_17' title='bbox 824 353 984 402; x_wconf 83' lang='lat' dir='ltr'>veritas</span> <span class='ocrx_word' id='word_1_18' title='bbox 1003 361 1051 398; x_wconf 91' lang='lat' dir='ltr'>et</span> <span class='ocrx_word' id='word_1_19' title='bbox 1075 341 1289 399; x_wconf 62' lang='lat' dir='ltr'>honestas</span> <span class='ocrx_word' id='word_1_20' title='bbox 1301 351 1506 414; x_wconf 81' lang='lat' dir='ltr'>patiatur.</span> <span class='ocrx_word' id='word_1_21' title='bbox 1681 342 1682 346; x_wconf 31' lang='lat'>¹</span> 
     </span>
     <span class='ocr_line' id='line_1_4' title="bbox 341 413 1643 486; baseline -0.005 -15"><span class='ocrx_word' id='word_1_22' title='bbox 341 430 401 473; x_wconf 88' lang='lat' dir='ltr'>Vt</span> <span class='ocrx_word' id='word_1_23' title='bbox 423 428 560 486; x_wconf 81' lang='lat' dir='ltr'>igitur</span> <span class='ocrx_word' id='word_1_24' title='bbox 580 423 756 470; x_wconf 86' lang='lat' dir='ltr'>libertas</span> <span class='ocrx_word' id='word_1_25' title='bbox 778 421 890 476; x_wconf 88' lang='lat' dir='ltr'>talis,</span> <span class='ocrx_word' id='word_1_26' title='bbox 919 436 1021 467; x_wconf 89' lang='lat' dir='ltr'>cum</span> <span class='ocrx_word' id='word_1_27' title='bbox 1040 428 1268 465; x_wconf 82' lang='lat' dir='ltr'>exercetur</span> <span class='ocrx_word' id='word_1_28' title='bbox 1288 418 1332 464; x_wconf 92' lang='lat' dir='ltr'>in</span> <span class='ocrx_word' id='word_1_29' title='bbox 1353 413 1488 463; x_wconf 80' lang='lat' dir='ltr'>rebus</span> <span class='ocrx_word' id='word_1_30' title='bbox 1506 413 1558 462; x_wconf 84' lang='lat' dir='ltr'>ad</span> <span class='ocrx_word' id='word_1_31' title='bbox 1579 415 1643 464; x_wconf 85' lang='lat' dir='ltr'>iu·</span> 
     </span>
     <span class='ocr_line' id='line_1_5' title="bbox 243 479 1644 555; baseline -0.009 -12"><span class='ocrx_word' id='word_1_32' title='bbox 243 495 408 543; x_wconf 79' lang='lat' dir='ltr'>dicium</span> <span class='ocrx_word' id='word_1_33' title='bbox 430 492 608 539; x_wconf 86' lang='lat' dir='ltr'>rationis</span> <span class='ocrx_word' id='word_1_34' title='bbox 632 486 970 555; x_wconf 72' lang='lat' dir='ltr'>pertinentibus,</span> <span class='ocrx_word' id='word_1_35' title='bbox 992 496 1039 533; x_wconf 91' lang='lat' dir='ltr'>vt</span> <span class='ocrx_word' id='word_1_36' title='bbox 1059 487 1106 532; x_wconf 90' lang='lat' dir='ltr'>in</span> <span class='ocrx_word' id='word_1_37' title='bbox 1132 484 1423 550; x_wconf 84' lang='lat' dir='ltr'>philosophia,</span> <span class='ocrx_word' id='word_1_38' title='bbox 1449 484 1495 530; x_wconf 84' lang='lat' dir='ltr'>in</span> <span class='ocrx_word' id='word_1_39' title='bbox 1515 479 1644 530; x_wconf 87' lang='lat' dir='ltr'>histo-</span> 
     </span>
     <span class='ocr_line' id='line_1_6' title="bbox 244 551 1644 623; baseline -0.01 -13"><span class='ocrx_word' id='word_1_40' title='bbox 244 566 319 617; x_wconf 87' lang='lat' dir='ltr'>ria,</span> <span class='ocrx_word' id='word_1_41' title='bbox 348 561 643 623; x_wconf 84' lang='lat' dir='ltr'>similibusque</span> <span class='ocrx_word' id='word_1_42' title='bbox 663 556 916 622; x_wconf 87' lang='lat' dir='ltr'>disciplinis,</span> <span class='ocrx_word' id='word_1_43' title='bbox 947 555 1094 615; x_wconf 87' lang='lat' dir='ltr'>legem</span> <span class='ocrx_word' id='word_1_44' title='bbox 1115 551 1251 609; x_wconf 76' lang='lat' dir='ltr'>habet</span> <span class='ocrx_word' id='word_1_45' title='bbox 1279 568 1326 598; x_wconf 89' lang='lat' dir='ltr'>ac</span> <span class='ocrx_word' id='word_1_46' title='bbox 1356 566 1558 598; x_wconf 82' lang='lat' dir='ltr'>normam</span> <span class='ocrx_word' id='word_1_47' title='bbox 1578 567 1644 596; x_wconf 85' lang='lat' dir='ltr'>ra-</span> 
     </span>
     <span class='ocr_line' id='line_1_7' title="bbox 245 622 1647 686; baseline -0.013 -6"><span class='ocrx_word' id='word_1_48' title='bbox 245 633 385 680; x_wconf 80' lang='lat' dir='ltr'>tionis</span> <span class='ocrx_word' id='word_1_49' title='bbox 408 639 453 676; x_wconf 88' lang='lat' dir='ltr'>et</span> <span class='ocrx_word' id='word_1_50' title='bbox 477 637 665 680; x_wconf 87' lang='lat' dir='ltr'>naturae,</span> <span class='ocrx_word' id='word_1_51' title='bbox 695 625 739 672; x_wconf 90' lang='lat' dir='ltr'>h.</span> <span class='ocrx_word' id='word_1_52' title='bbox 762 640 800 673; x_wconf 89' lang='lat' dir='ltr'>e.</span> <span class='ocrx_word' id='word_1_53' title='bbox 827 632 948 670; x_wconf 88' lang='lat' dir='ltr'>certa</span> <span class='ocrx_word' id='word_1_54' title='bbox 975 622 1195 686; x_wconf 80' lang='lat' dir='ltr'>principia</span> <span class='ocrx_word' id='word_1_55' title='bbox 1213 629 1394 667; x_wconf 86' lang='lat' dir='ltr'>naturae</span> <span class='ocrx_word' id='word_1_56' title='bbox 1413 628 1461 666; x_wconf 92' lang='lat' dir='ltr'>et</span> <span class='ocrx_word' id='word_1_57' title='bbox 1479 634 1647 675; x_wconf 89' lang='lat' dir='ltr'>rerum,</span> 
     </span>
     <span class='ocr_line' id='line_1_8' title="bbox 247 683 1649 764; baseline -0.012 -18"><span class='ocrx_word' id='word_1_58' title='bbox 247 715 357 764; x_wconf 83' lang='lat' dir='ltr'>quas</span> <span class='ocrx_word' id='word_1_59' title='bbox 389 700 437 744; x_wconf 88' lang='lat' dir='ltr'>in</span> <span class='ocrx_word' id='word_1_60' title='bbox 467 691 713 748; x_wconf 87' lang='lat' dir='ltr'>iudicando,</span> <span class='ocrx_word' id='word_1_61' title='bbox 746 691 924 738; x_wconf 88' lang='lat' dir='ltr'>nemine</span> <span class='ocrx_word' id='word_1_62' title='bbox 957 686 1238 753; x_wconf 85' lang='lat' dir='ltr'>impediente,</span> <span class='ocrx_word' id='word_1_63' title='bbox 1271 703 1322 733; x_wconf 85' lang='lat' dir='ltr'>ac</span> <span class='ocrx_word' id='word_1_64' title='bbox 1350 689 1445 734; x_wconf 89' lang='lat' dir='ltr'>iure</span> <span class='ocrx_word' id='word_1_65' title='bbox 1466 684 1556 743; x_wconf 91' lang='lat' dir='ltr'>suo,</span> <span class='ocrx_word' id='word_1_66' title='bbox 1587 683 1649 731; x_wconf 87' lang='lat' dir='ltr'>se-</span> 
     </span>
     <span class='ocr_line' id='line_1_9' title="bbox 249 750 1652 831; baseline -0.011 -18"><span class='ocrx_word' id='word_1_67' title='bbox 249 775 435 831; x_wconf 80' lang='lat' dir='ltr'>quatur:</span> <span class='ocrx_word' id='word_1_68' title='bbox 482 760 538 808; x_wconf 84' lang='lat' dir='ltr'>sic</span> <span class='ocrx_word' id='word_1_69' title='bbox 574 763 618 807; x_wconf 91' lang='lat' dir='ltr'>in</span> <span class='ocrx_word' id='word_1_70' title='bbox 648 760 885 820; x_wconf 84' lang='lat' dir='ltr'>religione,</span> <span class='ocrx_word' id='word_1_71' title='bbox 928 773 1057 820; x_wconf 90' lang='lat' dir='ltr'>quarn</span> <span class='ocrx_word' id='word_1_72' title='bbox 1090 772 1173 803; x_wconf 86' lang='lat' dir='ltr'>nos</span> <span class='ocrx_word' id='word_1_73' title='bbox 1205 754 1404 808; x_wconf 88' lang='lat' dir='ltr'>dicimus,</span> <span class='ocrx_word' id='word_1_74' title='bbox 1437 768 1568 818; x_wconf 87' lang='lat' dir='ltr'>quarn</span> <span class='ocrx_word' id='word_1_75' title='bbox 1591 750 1652 797; x_wconf 89' lang='lat' dir='ltr'>di-</span> 
     </span>
     <span class='ocr_line' id='line_1_10' title="bbox 251 819 1650 891; baseline -0.011 -11"><span class='ocrx_word' id='word_1_76' title='bbox 251 835 415 880; x_wconf 89' lang='lat' dir='ltr'>vinitus</span> <span class='ocrx_word' id='word_1_77' title='bbox 443 828 649 878; x_wconf 84' lang='lat' dir='ltr'>traditam</span> <span class='ocrx_word' id='word_1_78' title='bbox 678 826 804 891; x_wconf 79' lang='lat' dir='ltr'>sacris</span> <span class='ocrx_word' id='word_1_79' title='bbox 826 826 963 872; x_wconf 88' lang='lat' dir='ltr'>literis</span> <span class='ocrx_word' id='word_1_80' title='bbox 993 822 1218 878; x_wconf 84' lang='lat' dir='ltr'>habemus,</span> <span class='ocrx_word' id='word_1_81' title='bbox 1256 823 1401 884; x_wconf 89' lang='lat' dir='ltr'>legem</span> <span class='ocrx_word' id='word_1_82' title='bbox 1423 836 1551 867; x_wconf 83' lang='lat' dir='ltr'>vnam</span> <span class='ocrx_word' id='word_1_83' title='bbox 1574 819 1650 866; x_wconf 83' lang='lat' dir='ltr'>ha·</span> 
     </span>
     <span class='ocr_line' id='line_1_11' title="bbox 250 886 1652 965; baseline -0.012 -16"><span class='ocrx_word' id='word_1_84' title='bbox 250 901 331 965; x_wconf 84' lang='lat' dir='ltr'>bet</span> <span class='ocrx_word' id='word_1_85' title='bbox 349 900 400 946; x_wconf 71' lang='lat' dir='ltr'>el?</span> <span class='ocrx_word' id='word_1_86' title='bbox 422 895 659 959; x_wconf 79' lang='lat' dir='ltr'>agnoscere</span> <span class='ocrx_word' id='word_1_87' title='bbox 689 886 824 942; x_wconf 81' lang='lat' dir='ltr'>debet</span> <span class='ocrx_word' id='word_1_88' title='bbox 842 891 950 956; x_wconf 87' lang='lat' dir='ltr'>ipsas</span> <span class='ocrx_word' id='word_1_89' title='bbox 979 891 1126 938; x_wconf 85' lang='lat' dir='ltr'>literas</span> <span class='ocrx_word' id='word_1_90' title='bbox 1155 890 1312 938; x_wconf 79' lang='lat' dir='ltr'>sacras:</span> <span class='ocrx_word' id='word_1_91' title='bbox 1349 890 1418 935; x_wconf 91' lang='lat' dir='ltr'>cui</span> <span class='ocrx_word' id='word_1_92' title='bbox 1438 888 1525 950; x_wconf 85' lang='lat' dir='ltr'>legi</span> <span class='ocrx_word' id='word_1_93' title='bbox 1545 902 1652 933; x_wconf 87' lang='lat' dir='ltr'>cum</span> 
     </span>
     <span class='ocr_line' id='line_1_12' title="bbox 253 953 1656 1027; baseline -0.011 -11"><span class='ocrx_word' id='word_1_94' title='bbox 253 969 445 1017; x_wconf 79' lang='lat' dir='ltr'>maxime</span> <span class='ocrx_word' id='word_1_95' title='bbox 477 964 759 1027; x_wconf 85' lang='lat' dir='ltr'>obtemperat</span> <span class='ocrx_word' id='word_1_96' title='bbox 785 976 835 1006; x_wconf 87' lang='lat' dir='ltr'>ac</span> <span class='ocrx_word' id='word_1_97' title='bbox 867 959 1011 1012; x_wconf 90' lang='lat' dir='ltr'>seruit,</span> <span class='ocrx_word' id='word_1_98' title='bbox 1042 968 1141 1004; x_wconf 87' lang='lat' dir='ltr'>tum</span> <span class='ocrx_word' id='word_1_99' title='bbox 1170 959 1357 1003; x_wconf 83' lang='lat' dir='ltr'>maxime</span> <span class='ocrx_word' id='word_1_100' title='bbox 1377 966 1422 1001; x_wconf 93' lang='lat' dir='ltr'>et</span> <span class='ocrx_word' id='word_1_101' title='bbox 1438 953 1656 1002; x_wconf 82' lang='lat' dir='ltr'>veriffime</span> 
     </span>
     <span class='ocr_line' id='line_1_13' title="bbox 253 1021 1654 1094; baseline -0.014 -9"><span class='ocrx_word' id='word_1_102' title='bbox 253 1037 433 1086; x_wconf 87' lang='lat' dir='ltr'>libertas</span> <span class='ocrx_word' id='word_1_103' title='bbox 456 1046 501 1080; x_wconf 86' lang='lat' dir='ltr'>et</span> <span class='ocrx_word' id='word_1_104' title='bbox 523 1029 598 1084; x_wconf 91' lang='lat' dir='ltr'>est,</span> <span class='ocrx_word' id='word_1_105' title='bbox 627 1039 673 1076; x_wconf 91' lang='lat' dir='ltr'>et</span> <span class='ocrx_word' id='word_1_106' title='bbox 693 1027 960 1094; x_wconf 65' lang='lat' dir='ltr'>appellatum</span> <span class='ocrx_word' id='word_1_107' title='bbox 994 1041 1079 1072; x_wconf 88' lang='lat' dir='ltr'>nee</span> <span class='ocrx_word' id='word_1_108' title='bbox 1098 1025 1182 1070; x_wconf 87' lang='lat' dir='ltr'>vlla</span> <span class='ocrx_word' id='word_1_109' title='bbox 1201 1041 1301 1070; x_wconf 88' lang='lat' dir='ltr'>vera</span> <span class='ocrx_word' id='word_1_110' title='bbox 1319 1021 1495 1070; x_wconf 87' lang='lat' dir='ltr'>libertas</span> <span class='ocrx_word' id='word_1_111' title='bbox 1517 1024 1563 1068; x_wconf 90' lang='lat' dir='ltr'>in</span> <span class='ocrx_word' id='word_1_112' title='bbox 1585 1037 1654 1067; x_wconf 85' lang='lat' dir='ltr'>re·</span> 
     </span>
     <span class='ocr_line' id='line_1_14' title="bbox 185 1086 1656 1167; baseline -0.013 -15"><span class='ocrx_word' id='word_1_113' title='bbox 185 1105 191 1107; x_wconf 43' lang='lat'>&#39;⁷</span> <span class='ocrx_word' id='word_1_114' title='bbox 254 1105 424 1167; x_wconf 86' lang='lat' dir='ltr'>ligione</span> <span class='ocrx_word' id='word_1_115' title='bbox 446 1097 624 1159; x_wconf 87' lang='lat' dir='ltr'>agnosci</span> <span class='ocrx_word' id='word_1_116' title='bbox 644 1107 718 1143; x_wconf 90' lang='lat' dir='ltr'>aut</span> <span class='ocrx_word' id='word_1_117' title='bbox 739 1092 918 1159; x_wconf 88' lang='lat' dir='ltr'>probari</span> <span class='ocrx_word' id='word_1_118' title='bbox 943 1090 1085 1148; x_wconf 86' lang='lat' dir='ltr'>debet,</span> <span class='ocrx_word' id='word_1_119' title='bbox 1116 1107 1229 1155; x_wconf 75' lang='lat' dir='ltr'>quae</span> <span class='ocrx_word' id='word_1_120' title='bbox 1258 1100 1334 1137; x_wconf 89' lang='lat' dir='ltr'>aut</span> <span class='ocrx_word' id='word_1_121' title='bbox 1350 1106 1445 1137; x_wconf 87' lang='lat' dir='ltr'>non</span> <span class='ocrx_word' id='word_1_122' title='bbox 1463 1086 1594 1155; x_wconf 81' lang='lat' dir='ltr'>poffit</span> <span class='ocrx_word' id='word_1_123' title='bbox 1614 1088 1656 1133; x_wconf 87' lang='lat' dir='ltr'>ei</span> 
     </span>
     <span class='ocr_line' id='line_1_15' title="bbox 255 1156 1658 1238; baseline -0.012 -20"><span class='ocrx_word' id='word_1_124' title='bbox 255 1186 423 1238; x_wconf 87' lang='lat' dir='ltr'>parere,</span> <span class='ocrx_word' id='word_1_125' title='bbox 461 1177 536 1213; x_wconf 88' lang='lat' dir='ltr'>aut</span> <span class='ocrx_word' id='word_1_126' title='bbox 564 1163 710 1226; x_wconf 23' lang='lat' dir='ltr'>nolit-¹</span> <span class='ocrx_word' id='word_1_127' title='bbox 757 1165 892 1215; x_wconf 88' lang='lat' dir='ltr'>Nam,</span> <span class='ocrx_word' id='word_1_128' title='bbox 922 1176 1024 1207; x_wconf 90' lang='lat' dir='ltr'>cum</span> <span class='ocrx_word' id='word_1_129' title='bbox 1049 1159 1102 1208; x_wconf 88' lang='lat' dir='ltr'>ab</span> <span class='ocrx_word' id='word_1_130' title='bbox 1132 1175 1185 1205; x_wconf 87' lang='lat' dir='ltr'>ea</span> <span class='ocrx_word' id='word_1_131' title='bbox 1205 1157 1452 1205; x_wconf 84' lang='lat' dir='ltr'>traducitur</span> <span class='ocrx_word' id='word_1_132' title='bbox 1481 1156 1533 1204; x_wconf 84' lang='lat' dir='ltr'>ad</span> <span class='ocrx_word' id='word_1_133' title='bbox 1545 1170 1658 1202; x_wconf 79' lang='lat' dir='ltr'>nor-</span> 
     </span>
     <span class='ocr_line' id='line_1_16' title="bbox 259 1221 1656 1293; baseline -0.011 -9"><span class='ocrx_word' id='word_1_134' title='bbox 259 1255 380 1286; x_wconf 89' lang='lat' dir='ltr'>mam</span> <span class='ocrx_word' id='word_1_135' title='bbox 405 1233 571 1281; x_wconf 84' lang='lat' dir='ltr'>arbitrii</span> <span class='ocrx_word' id='word_1_136' title='bbox 594 1230 888 1286; x_wconf 81' lang='lat' dir='ltr'>humani,‘cui</span> <span class='ocrx_word' id='word_1_137' title='bbox 907 1244 989 1293; x_wconf 89' lang='lat' dir='ltr'>per</span> <span class='ocrx_word' id='word_1_138' title='bbox 1017 1236 1219 1274; x_wconf 88' lang='lat' dir='ltr'>naturam</span> <span class='ocrx_word' id='word_1_139' title='bbox 1240 1225 1362 1272; x_wconf 91' lang='lat' dir='ltr'>nulla</span> <span class='ocrx_word' id='word_1_140' title='bbox 1380 1221 1441 1270; x_wconf 88' lang='lat' dir='ltr'>est</span> <span class='ocrx_word' id='word_1_141' title='bbox 1459 1239 1560 1270; x_wconf 88' lang='lat' dir='ltr'>cum</span> <span class='ocrx_word' id='word_1_142' title='bbox 1583 1239 1656 1270; x_wconf 89' lang='lat' dir='ltr'>ve·</span> 
     </span>
     <span class='ocr_line' id='line_1_17' title="bbox 257 1289 1656 1358; baseline -0.011 -5"><span class='ocrx_word' id='word_1_143' title='bbox 257 1308 390 1356; x_wconf 84' lang='lat' dir='ltr'>ritate</span> <span class='ocrx_word' id='word_1_144' title='bbox 409 1295 684 1355; x_wconf 72' lang='lat' dir='ltr'>coniunstio,</span> <span class='ocrx_word' id='word_1_145' title='bbox 719 1297 903 1358; x_wconf 85' lang='lat' dir='ltr'>seruitus</span> <span class='ocrx_word' id='word_1_146' title='bbox 933 1292 1096 1351; x_wconf 82' lang='lat' dir='ltr'>existit3</span> <span class='ocrx_word' id='word_1_147' title='bbox 1130 1310 1233 1342; x_wconf 73' lang='lat' dir='ltr'>cuni</span> <span class='ocrx_word' id='word_1_148' title='bbox 1270 1289 1508 1356; x_wconf 86' lang='lat' dir='ltr'>cupiditate</span> <span class='ocrx_word' id='word_1_149' title='bbox 1526 1306 1576 1337; x_wconf 87' lang='lat' dir='ltr'>ac</span> <span class='ocrx_word' id='word_1_150' title='bbox 1592 1301 1656 1338; x_wconf 85' lang='lat' dir='ltr'>te·</span> 
     </span>
     <span class='ocr_line' id='line_1_18' title="bbox 261 1357 1473 1422; baseline -0.014 0"><span class='ocrx_word' id='word_1_151' title='bbox 261 1375 467 1422; x_wconf 87' lang='lat' dir='ltr'>meritate</span> <span class='ocrx_word' id='word_1_152' title='bbox 486 1367 671 1416; x_wconf 88' lang='lat' dir='ltr'>vinculis</span> <span class='ocrx_word' id='word_1_153' title='bbox 694 1367 786 1412; x_wconf 86' lang='lat' dir='ltr'>eius</span> <span class='ocrx_word' id='word_1_154' title='bbox 807 1363 848 1410; x_wconf 85' lang='lat' dir='ltr'>se</span> <span class='ocrx_word' id='word_1_155' title='bbox 869 1365 1033 1419; x_wconf 83' lang='lat' dir='ltr'>eximit,</span> <span class='ocrx_word' id='word_1_156' title='bbox 1059 1364 1105 1408; x_wconf 87' lang='lat' dir='ltr'>in</span> <span class='ocrx_word' id='word_1_157' title='bbox 1126 1363 1352 1410; x_wconf 87' lang='lat' dir='ltr'>licentiam</span> <span class='ocrx_word' id='word_1_158' title='bbox 1371 1357 1473 1406; x_wconf 89' lang='lat' dir='ltr'>abit.</span> 
     </span>
    </p>

    <p class='ocr_par' dir='ltr' id='par_1_3' title="bbox 263 1420 1678 2377">
     <span class='ocr_line' id='line_1_19' title="bbox 355 1420 1664 1502; baseline -0.013 -15"><span class='ocrx_word' id='word_1_159' title='bbox 355 1445 504 1502; x_wconf 85' lang='lat' dir='ltr'>Atque</span> <span class='ocrx_word' id='word_1_160' title='bbox 531 1436 662 1483; x_wconf 87' lang='lat' dir='ltr'>etiam</span> <span class='ocrx_word' id='word_1_161' title='bbox 697 1431 757 1480; x_wconf 91' lang='lat' dir='ltr'>est</span> <span class='ocrx_word' id='word_1_162' title='bbox 788 1447 928 1493; x_wconf 87' lang='lat' dir='ltr'>genus</span> <span class='ocrx_word' id='word_1_163' title='bbox 960 1430 1184 1486; x_wconf 80' lang='lat' dir='ltr'>libertatis,</span> <span class='ocrx_word' id='word_1_164' title='bbox 1211 1427 1316 1476; x_wconf 87' lang='lat' dir='ltr'>huic</span> <span class='ocrx_word' id='word_1_165' title='bbox 1345 1420 1588 1474; x_wconf 63' lang='lat' dir='ltr'>sub&#39;iefilum</span> <span class='ocrx_word' id='word_1_166' title='bbox 1615 1433 1664 1470; x_wconf 86' lang='lat' dir='ltr'>et</span> 
     </span>
     <span class='ocr_line' id='line_1_20' title="bbox 263 1489 1663 1560; baseline -0.013 -5"><span class='ocrx_word' id='word_1_167' title='bbox 263 1503 558 1556; x_wconf 73' lang='lat' dir='ltr'>coniunstum</span> <span class='ocrx_word' id='word_1_168' title='bbox 588 1504 742 1548; x_wconf 86' lang='lat' dir='ltr'>natura</span> <span class='ocrx_word' id='word_1_169' title='bbox 771 1516 822 1546; x_wconf 91' lang='lat' dir='ltr'>ac</span> <span class='ocrx_word' id='word_1_170' title='bbox 848 1496 1151 1554; x_wconf 72' lang='lat' dir='ltr'>&#39;fimilitudine‚</span> <span class='ocrx_word' id='word_1_171' title='bbox 1189 1494 1309 1560; x_wconf 89' lang='lat' dir='ltr'>quod</span> <span class='ocrx_word' id='word_1_172' title='bbox 1337 1491 1447 1542; x_wconf 86' lang='lat' dir='ltr'>inest</span> <span class='ocrx_word' id='word_1_173' title='bbox 1467 1493 1510 1540; x_wconf 89' lang='lat' dir='ltr'>in</span> <span class='ocrx_word' id='word_1_174' title='bbox 1533 1489 1663 1557; x_wconf 80' lang='lat' dir='ltr'>ipsius</span> 
     </span>
     <span class='ocr_line' id='line_1_21' title="bbox 264 1561 1663 1637; baseline -0.014 -13"><span class='ocrx_word' id='word_1_175' title='bbox 264 1577 376 1637; x_wconf 85' lang='lat' dir='ltr'>legis</span> <span class='ocrx_word' id='word_1_176' title='bbox 397 1575 544 1625; x_wconf 91' lang='lat' dir='ltr'>huius,</span> <span class='ocrx_word' id='word_1_177' title='bbox 575 1571 618 1617; x_wconf 86' lang='lat' dir='ltr'>h.</span> <span class='ocrx_word' id='word_1_178' title='bbox 639 1585 675 1615; x_wconf 89' lang='lat' dir='ltr'>e.</span> <span class='ocrx_word' id='word_1_179' title='bbox 697 1567 908 1616; x_wconf 80' lang='lat' dir='ltr'>sacrarum</span> <span class='ocrx_word' id='word_1_180' title='bbox 927 1566 1167 1620; x_wconf 87' lang='lat' dir='ltr'>literarum,</span> <span class='ocrx_word' id='word_1_181' title='bbox 1201 1561 1366 1610; x_wconf 90' lang='lat' dir='ltr'>iudicio</span> <span class='ocrx_word' id='word_1_182' title='bbox 1386 1572 1432 1608; x_wconf 91' lang='lat' dir='ltr'>et</span> <span class='ocrx_word' id='word_1_183' title='bbox 1451 1562 1663 1624; x_wconf 85' lang='lat' dir='ltr'>interpre-</span> 
     </span>
     <span class='ocr_line' id='line_1_22' title="bbox 266 1625 1665 1700; baseline -0.015 -8"><span class='ocrx_word' id='word_1_184' title='bbox 266 1645 447 1692; x_wconf 83' lang='lat' dir='ltr'>tatione.</span> <span class='ocrx_word' id='word_1_185' title='bbox 516 1641 640 1685; x_wconf 84' lang='lat' dir='ltr'>Nam</span> <span class='ocrx_word' id='word_1_186' title='bbox 658 1645 707 1684; x_wconf 91' lang='lat' dir='ltr'>vt</span> <span class='ocrx_word' id='word_1_187' title='bbox 729 1636 914 1700; x_wconf 89' lang='lat' dir='ltr'>quisque</span> <span class='ocrx_word' id='word_1_188' title='bbox 937 1633 1141 1695; x_wconf 80' lang='lat' dir='ltr'>magis&#39;in</span> <span class='ocrx_word' id='word_1_189' title='bbox 1162 1632 1213 1677; x_wconf 89' lang='lat' dir='ltr'>iis</span> <span class='ocrx_word' id='word_1_190' title='bbox 1237 1626 1582 1694; x_wconf 84' lang='lat' dir='ltr'>interpretandis</span> <span class='ocrx_word' id='word_1_191' title='bbox 1603 1625 1665 1672; x_wconf 86' lang='lat' dir='ltr'>le-</span> 
     </span>
     <span class='ocr_line' id='line_1_23' title="bbox 270 1689 1666 1774; baseline -0.014 -16"><span class='ocrx_word' id='word_1_192' title='bbox 270 1714 315 1774; x_wconf 83' lang='lat' dir='ltr'>gi</span> <span class='ocrx_word' id='word_1_193' title='bbox 345 1707 466 1757; x_wconf 66' lang='lat' dir='ltr'>refle</span> <span class='ocrx_word' id='word_1_194' title='bbox 495 1701 812 1769; x_wconf 83' lang='lat' dir='ltr'>interpretandi</span> <span class='ocrx_word' id='word_1_195' title='bbox 845 1700 1006 1755; x_wconf 88' lang='lat' dir='ltr'>obedit,</span> <span class='ocrx_word' id='word_1_196' title='bbox 1037 1699 1200 1745; x_wconf 82' lang='lat' dir='ltr'>solutus</span> <span class='ocrx_word' id='word_1_197' title='bbox 1231 1696 1415 1745; x_wconf 84' lang='lat' dir='ltr'>vinculis</span> <span class='ocrx_word' id='word_1_198' title='bbox 1437 1689 1666 1759; x_wconf 72' lang='lat' dir='ltr'>potestatis</span> 
     </span>
     <span class='ocr_line' id='line_1_24' title="bbox 268 1761 1669 1833; baseline -0.014 -7"><span class='ocrx_word' id='word_1_199' title='bbox 268 1777 341 1827; x_wconf 77' lang='lat' dir='ltr'>vel</span> <span class='ocrx_word' id='word_1_200' title='bbox 362 1773 632 1824; x_wconf 68' lang='lat' dir='ltr'>anaoritatis</span> <span class='ocrx_word' id='word_1_201' title='bbox 653 1781 698 1817; x_wconf 89' lang='lat' dir='ltr'>et</span> <span class='ocrx_word' id='word_1_202' title='bbox 727 1770 951 1833; x_wconf 87' lang='lat' dir='ltr'>opinionis</span> <span class='ocrx_word' id='word_1_203' title='bbox 980 1767 1211 1821; x_wconf 89' lang='lat' dir='ltr'>humanae,</span> <span class='ocrx_word' id='word_1_204' title='bbox 1242 1764 1311 1811; x_wconf 87' lang='lat' dir='ltr'>vel</span> <span class='ocrx_word' id='word_1_205' title='bbox 1332 1762 1521 1826; x_wconf 91' lang='lat' dir='ltr'>denique</span> <span class='ocrx_word' id='word_1_206' title='bbox 1544 1761 1669 1823; x_wconf 88' lang='lat' dir='ltr'>cupi·</span> 
     </span>
     <span class='ocr_line' id='line_1_25' title="bbox 271 1832 1668 1897; baseline -0.014 -5"><span class='ocrx_word' id='word_1_207' title='bbox 271 1844 419 1894; x_wconf 82' lang='lat' dir='ltr'>ditatis</span> <span class='ocrx_word' id='word_1_208' title='bbox 447 1843 574 1896; x_wconf 85' lang='lat' dir='ltr'>suae3</span> <span class='ocrx_word' id='word_1_209' title='bbox 606 1841 663 1885; x_wconf 87' lang='lat' dir='ltr'>ita</span> <span class='ocrx_word' id='word_1_210' title='bbox 694 1838 832 1897; x_wconf 85' lang='lat' dir='ltr'>magis</span> <span class='ocrx_word' id='word_1_211' title='bbox 852 1833 1099 1881; x_wconf 88' lang='lat' dir='ltr'>libertatem</span> <span class='ocrx_word' id='word_1_212' title='bbox 1129 1848 1276 1880; x_wconf 87' lang='lat' dir='ltr'>veram</span> <span class='ocrx_word' id='word_1_213' title='bbox 1299 1834 1472 1877; x_wconf 86' lang='lat' dir='ltr'>retinet.</span> <span class='ocrx_word' id='word_1_214' title='bbox 1540 1832 1668 1876; x_wconf 88' lang='lat' dir='ltr'>Haec</span> 
     </span>
     <span class='ocr_line' id='line_1_26' title="bbox 267 1897 1678 1975; baseline -0.013 -16"><span class='ocrx_word' id='word_1_215' title='bbox 267 1913 359 1975; x_wconf 47' lang='lat' dir='ltr'>*ipsa</span> <span class='ocrx_word' id='word_1_216' title='bbox 381 1920 531 1957; x_wconf 87' lang='lat' dir='ltr'>autem</span> <span class='ocrx_word' id='word_1_217' title='bbox 553 1909 622 1954; x_wconf 85' lang='lat' dir='ltr'>lex</span> <span class='ocrx_word' id='word_1_218' title='bbox 646 1902 706 1951; x_wconf 89' lang='lat' dir='ltr'>est</span> <span class='ocrx_word' id='word_1_219' title='bbox 727 1901 955 1957; x_wconf 82' lang='lat' dir='ltr'>eiusmodi,</span> <span class='ocrx_word' id='word_1_220' title='bbox 983 1902 1106 1948; x_wconf 88' lang='lat' dir='ltr'>cuius</span> <span class='ocrx_word' id='word_1_221' title='bbox 1126 1897 1438 1946; x_wconf 71' lang='lat' dir='ltr'>auEtoritatem</span> <span class='ocrx_word' id='word_1_222' title='bbox 1456 1912 1583 1942; x_wconf 89' lang='lat' dir='ltr'>mens</span> <span class='ocrx_word' id='word_1_223' title='bbox 1601 1910 1678 1940; x_wconf 86' lang='lat' dir='ltr'>re-.</span> 
     </span>
     <span class='ocr_line' id='line_1_27' title="bbox 274 1965 1669 2029; baseline -0.015 -1"><span class='ocrx_word' id='word_1_224' title='bbox 274 1979 345 2028; x_wconf 71' lang='lat' dir='ltr'>ste</span> <span class='ocrx_word' id='word_1_225' title='bbox 365 1989 409 2026; x_wconf 91' lang='lat' dir='ltr'>et</span> <span class='ocrx_word' id='word_1_226' title='bbox 435 1975 573 2023; x_wconf 87' lang='lat' dir='ltr'>libere</span> <span class='ocrx_word' id='word_1_227' title='bbox 593 1973 802 2027; x_wconf 85' lang='lat' dir='ltr'>iudicans,</span> <span class='ocrx_word' id='word_1_228' title='bbox 840 1968 956 2016; x_wconf 86' lang='lat' dir='ltr'>haud</span> <span class='ocrx_word' id='word_1_229' title='bbox 976 1970 1113 2016; x_wconf 86' lang='lat' dir='ltr'>inuita</span> <span class='ocrx_word' id='word_1_230' title='bbox 1143 1965 1362 2029; x_wconf 83' lang='lat' dir='ltr'>agnoscat,</span> <span class='ocrx_word' id='word_1_231' title='bbox 1389 1965 1669 2026; x_wconf 87' lang='lat' dir='ltr'>libenterque</span> 
     </span>
     <span class='ocr_line' id='line_1_28' title="bbox 274 2032 1672 2111; baseline -0.016 -15"><span class='ocrx_word' id='word_1_232' title='bbox 274 2049 393 2111; x_wconf 90' lang='lat' dir='ltr'>sequi</span> <span class='ocrx_word' id='word_1_233' title='bbox 414 2042 544 2109; x_wconf 82' lang='lat' dir='ltr'>possit</span> <span class='ocrx_word' id='word_1_234' title='bbox 564 2059 614 2090; x_wconf 86' lang='lat' dir='ltr'>ac</span> <span class='ocrx_word' id='word_1_235' title='bbox 635 2039 803 2087; x_wconf 85' lang='lat' dir='ltr'>debeat.</span> <span class='ocrx_word' id='word_1_236' title='bbox 871 2035 944 2085; x_wconf 85' lang='lat' dir='ltr'>Est</span> <span class='ocrx_word' id='word_1_237' title='bbox 968 2038 1087 2084; x_wconf 85' lang='lat' dir='ltr'>enim</span> <span class='ocrx_word' id='word_1_238' title='bbox 1117 2047 1162 2083; x_wconf 88' lang='lat' dir='ltr'>et</span> <span class='ocrx_word' id='word_1_239' title='bbox 1189 2034 1281 2099; x_wconf 85' lang='lat' dir='ltr'>ipsa</span> <span class='ocrx_word' id='word_1_240' title='bbox 1310 2032 1476 2079; x_wconf 88' lang='lat' dir='ltr'>diuina:</span> <span class='ocrx_word' id='word_1_241' title='bbox 1506 2032 1672 2094; x_wconf 85' lang='lat' dir='ltr'>quippe</span> 
     </span>
     <span class='ocr_line' id='line_1_29' title="bbox 274 2099 1671 2180; baseline -0.014 -17"><span class='ocrx_word' id='word_1_242' title='bbox 274 2134 300 2163; x_wconf 88' lang='lat' dir='ltr'>a</span> <span class='ocrx_word' id='word_1_243' title='bbox 319 2112 554 2180; x_wconf 84' lang='lat' dir='ltr'>principiis</span> <span class='ocrx_word' id='word_1_244' title='bbox 577 2106 719 2164; x_wconf 70' lang='lat' dir='ltr'>dusta,</span> <span class='ocrx_word' id='word_1_245' title='bbox 755 2121 948 2171; x_wconf 85' lang='lat' dir='ltr'>quorum</span> <span class='ocrx_word' id='word_1_246' title='bbox 979 2105 1199 2165; x_wconf 84' lang='lat' dir='ltr'>originem</span> <span class='ocrx_word' id='word_1_247' title='bbox 1227 2101 1420 2148; x_wconf 86' lang='lat' dir='ltr'>diuinam</span> <span class='ocrx_word' id='word_1_248' title='bbox 1438 2099 1671 2163; x_wconf 82' lang='lat' dir='ltr'>perspicue</span> 
     </span>
     <span class='ocr_line' id='line_1_30' title="bbox 274 2166 1672 2242; baseline -0.015 -12"><span class='ocrx_word' id='word_1_249' title='bbox 274 2182 526 2241; x_wconf 80' lang='lat' dir='ltr'>intelligere</span> <span class='ocrx_word' id='word_1_250' title='bbox 552 2175 777 2242; x_wconf 79' lang='lat' dir='ltr'>poffi&#39;muS,</span> <span class='ocrx_word' id='word_1_251' title='bbox 806 2173 896 2220; x_wconf 85' lang='lat' dir='ltr'>hoc</span> <span class='ocrx_word' id='word_1_252' title='bbox 925 2169 999 2230; x_wconf 87' lang='lat' dir='ltr'>est,</span> <span class='ocrx_word' id='word_1_253' title='bbox 1027 2189 1051 2218; x_wconf 87' lang='lat' dir='ltr'>a</span> <span class='ocrx_word' id='word_1_254' title='bbox 1077 2169 1208 2223; x_wconf 82' lang='lat' dir='ltr'>rebus</span> <span class='ocrx_word' id='word_1_255' title='bbox 1237 2169 1354 2216; x_wconf 82' lang='lat' dir='ltr'>clare</span> <span class='ocrx_word' id='word_1_256' title='bbox 1380 2169 1426 2213; x_wconf 92' lang='lat' dir='ltr'>in</span> <span class='ocrx_word' id='word_1_257' title='bbox 1448 2166 1672 2229; x_wconf 76' lang='lat' dir='ltr'>Scriptura</span> 
     </span>
     <span class='ocr_line' id='line_1_31' title="bbox 278 2235 1671 2299; baseline -0.014 -1"><span class='ocrx_word' id='word_1_258' title='bbox 278 2250 396 2298; x_wconf 86' lang='lat' dir='ltr'>saera</span> <span class='ocrx_word' id='word_1_259' title='bbox 415 2246 600 2299; x_wconf 85' lang='lat' dir='ltr'>traditis,</span> <span class='ocrx_word' id='word_1_260' title='bbox 630 2254 676 2290; x_wconf 88' lang='lat' dir='ltr'>et</span> <span class='ocrx_word' id='word_1_261' title='bbox 702 2241 943 2289; x_wconf 89' lang='lat' dir='ltr'>verborum</span> <span class='ocrx_word' id='word_1_262' title='bbox 973 2239 1228 2288; x_wconf 88' lang='lat' dir='ltr'>diuinorum</span> <span class='ocrx_word' id='word_1_263' title='bbox 1256 2235 1406 2282; x_wconf 88' lang='lat' dir='ltr'>indole</span> <span class='ocrx_word' id='word_1_264' title='bbox 1435 2244 1482 2280; x_wconf 86' lang='lat' dir='ltr'>et</span> <span class='ocrx_word' id='word_1_265' title='bbox 1501 2241 1671 2287; x_wconf 83' lang='lat' dir='ltr'>natura,</span> 
     </span>
     <span class='ocr_line' id='line_1_32' title="bbox 277 2304 1655 2377; baseline -0.015 -12"><span class='ocrx_word' id='word_1_266' title='bbox 277 2318 450 2365; x_wconf 87' lang='lat' dir='ltr'>notitiis</span> <span class='ocrx_word' id='word_1_267' title='bbox 470 2313 657 2377; x_wconf 89' lang='lat' dir='ltr'>denique</span> <span class='ocrx_word' id='word_1_268' title='bbox 681 2308 813 2356; x_wconf 83' lang='lat' dir='ltr'>insitis</span> <span class='ocrx_word' id='word_1_269' title='bbox 843 2309 1057 2354; x_wconf 83' lang='lat' dir='ltr'>diuinitus</span> <span class='ocrx_word' id='word_1_270' title='bbox 1087 2315 1133 2352; x_wconf 89' lang='lat' dir='ltr'>et</span> <span class='ocrx_word' id='word_1_271' title='bbox 1159 2304 1444 2366; x_wconf 86' lang='lat' dir='ltr'>incorruptis.</span> <span class='ocrx_word' id='word_1_272' title='bbox 1650 2314 1655 2318; x_wconf 57' lang='lat'>‘</span> 
     </span>
    </p>

    <p class='ocr_par' dir='ltr' id='par_1_4' title="bbox 280 2371 1675 2746">
     <span class='ocr_line' id='line_1_33' title="bbox 375 2371 1674 2442; baseline -0.017 -12"><span class='ocrx_word' id='word_1_273' title='bbox 375 2384 525 2430; x_wconf 85' lang='lat' dir='ltr'>Huius</span> <span class='ocrx_word' id='word_1_274' title='bbox 549 2391 699 2427; x_wconf 89' lang='lat' dir='ltr'>autem</span> <span class='ocrx_word' id='word_1_275' title='bbox 720 2378 862 2442; x_wconf 85' lang='lat' dir='ltr'>partis,</span> <span class='ocrx_word' id='word_1_276' title='bbox 887 2393 1020 2439; x_wconf 88' lang='lat' dir='ltr'>quam</span> <span class='ocrx_word' id='word_1_277' title='bbox 1052 2376 1239 2436; x_wconf 88' lang='lat' dir='ltr'>primam</span> <span class='ocrx_word' id='word_1_278' title='bbox 1266 2381 1312 2418; x_wconf 86' lang='lat' dir='ltr'>et</span> <span class='ocrx_word' id='word_1_279' title='bbox 1338 2371 1552 2417; x_wconf 85' lang='lat' dir='ltr'>summam</span> <span class='ocrx_word' id='word_1_280' title='bbox 1574 2379 1674 2411; x_wconf 86' lang='lat' dir='ltr'>cen-</span> 
     </span>
     <span class='ocr_line' id='line_1_34' title="bbox 281 2436 1674 2504; baseline -0.018 -3"><span class='ocrx_word' id='word_1_281' title='bbox 281 2452 374 2501; x_wconf 85' lang='lat' dir='ltr'>sere</span> <span class='ocrx_word' id='word_1_282' title='bbox 393 2449 604 2498; x_wconf 83' lang='lat' dir='ltr'>libertatis</span> <span class='ocrx_word' id='word_1_283' title='bbox 623 2448 737 2496; x_wconf 82' lang='lat' dir='ltr'>illius</span> <span class='ocrx_word' id='word_1_284' title='bbox 755 2443 979 2504; x_wconf 75' lang='lat' dir='ltr'>religiosae</span> <span class='ocrx_word' id='word_1_285' title='bbox 1001 2441 1226 2497; x_wconf 85' lang='lat' dir='ltr'>debemus,</span> <span class='ocrx_word' id='word_1_286' title='bbox 1259 2438 1432 2485; x_wconf 84' lang='lat' dir='ltr'>nullum</span> <span class='ocrx_word' id='word_1_287' title='bbox 1454 2436 1590 2482; x_wconf 86' lang='lat' dir='ltr'>maius</span> <span class='ocrx_word' id='word_1_288' title='bbox 1611 2441 1674 2478; x_wconf 83' lang='lat' dir='ltr'>at·</span> 
     </span>
     <span class='ocr_line' id='line_1_35' title="bbox 283 2498 1674 2583; baseline -0.017 -17"><span class='ocrx_word' id='word_1_289' title='bbox 283 2536 374 2583; x_wconf 88' lang='lat' dir='ltr'>que</span> <span class='ocrx_word' id='word_1_290' title='bbox 394 2515 607 2571; x_wconf 85' lang='lat' dir='ltr'>illustrius,</span> <span class='ocrx_word' id='word_1_291' title='bbox 636 2530 775 2577; x_wconf 84' lang='lat' dir='ltr'>paene</span> <span class='ocrx_word' id='word_1_292' title='bbox 804 2509 999 2567; x_wconf 85' lang='lat' dir='ltr'>dixerim,</span> <span class='ocrx_word' id='word_1_293' title='bbox 1031 2527 1123 2573; x_wconf 87' lang='lat' dir='ltr'>par,</span> <span class='ocrx_word' id='word_1_294' title='bbox 1158 2507 1410 2570; x_wconf 84' lang='lat' dir='ltr'>exemplum</span> <span class='ocrx_word' id='word_1_295' title='bbox 1440 2500 1574 2549; x_wconf 86' lang='lat' dir='ltr'>habet</span> <span class='ocrx_word' id='word_1_296' title='bbox 1602 2498 1674 2545; x_wconf 90' lang='lat' dir='ltr'>vel</span> 
     </span>
     <span class='ocr_line' id='line_1_36' title="bbox 284 2569 1675 2639; baseline -0.014 -6"><span class='ocrx_word' id='word_1_297' title='bbox 284 2589 444 2639; x_wconf 87' lang='lat' dir='ltr'>omnis,</span> <span class='ocrx_word' id='word_1_298' title='bbox 465 2584 534 2629; x_wconf 90' lang='lat' dir='ltr'>vel</span> <span class='ocrx_word' id='word_1_299' title='bbox 555 2583 780 2628; x_wconf 89' lang='lat' dir='ltr'>recentior</span> <span class='ocrx_word' id='word_1_300' title='bbox 799 2588 921 2624; x_wconf 89' lang='lat' dir='ltr'>certe</span> <span class='ocrx_word' id='word_1_301' title='bbox 942 2588 1071 2625; x_wconf 83' lang='lat' dir='ltr'>aetas.</span> <span class='ocrx_word' id='word_1_302' title='bbox 1093 2592 1226 2639; x_wconf 85' lang='lat' dir='ltr'>quam</span> <span class='ocrx_word' id='word_1_303' title='bbox 1245 2574 1430 2623; x_wconf 75' lang='lat' dir='ltr'>Lutheri.</span> <span class='ocrx_word' id='word_1_304' title='bbox 1497 2569 1589 2614; x_wconf 85' lang='lat' dir='ltr'>Hic</span> <span class='ocrx_word' id='word_1_305' title='bbox 1606 2569 1675 2613; x_wconf 76' lang='lat' dir='ltr'>vir</span> 
     </span>
     <span class='ocr_line' id='line_1_37' title="bbox 280 2633 1675 2746; baseline -0.016 -45"><span class='ocrx_word' id='word_1_306' title='bbox 280 2653 383 2709; x_wconf 84' lang='lat' dir='ltr'>fuit,</span> <span class='ocrx_word' id='word_1_307' title='bbox 417 2653 492 2716; x_wconf 89' lang='lat' dir='ltr'>qui</span> <span class='ocrx_word' id='word_1_308' title='bbox 522 2652 567 2697; x_wconf 89' lang='lat' dir='ltr'>in</span> <span class='ocrx_word' id='word_1_309' title='bbox 597 2649 818 2709; x_wconf 83' lang='lat' dir='ltr'>religione</span> <span class='ocrx_word' id='word_1_310' title='bbox 850 2650 997 2693; x_wconf 87' lang='lat' dir='ltr'>omnia</span> <span class='ocrx_word' id='word_1_311' title='bbox 1028 2644 1246 2708; x_wconf 86' lang='lat' dir='ltr'>scripturis</span> <span class='ocrx_word' id='word_1_312' title='bbox 1270 2640 1444 2695; x_wconf 87' lang='lat' dir='ltr'>diuinis,</span> <span class='ocrx_word' id='word_1_313' title='bbox 1477 2634 1586 2682; x_wconf 84' lang='lat' dir='ltr'>nihil</span> <span class='ocrx_word' id='word_1_314' title='bbox 1604 2633 1675 2746; x_wconf 44' lang='lat' dir='ltr'>{el</span> 
     </span>
    </p>

    <p class='ocr_par' dir='ltr' id='par_1_5' title="bbox 1568 2719 1676 2748">
     <span class='ocr_line' id='line_1_38' title="bbox 1568 2719 1676 2748; baseline -0.019 0"><span class='ocrx_word' id='word_1_315' title='bbox 1568 2719 1612 2748; x_wconf 87' lang='lat' dir='ltr'>ar</span> <span class='ocrx_word' id='word_1_316' title='bbox 1647 2719 1676 2746; x_wconf 86' lang='grc' dir='ltr'>ι-</span> 
     </span>
    </p>
   </div>
  </div>
 </body>
</html>
