1650 3060
228 137 233 142 “
288 120 510 169 xviam:
546 131 879 165 curvum-Au
905 113 1263 164 eruemur-'vu
1368 127 1463 175 571

0 267 2 303 j
26 231 115 321 βᾶ
149 244 285 293 etiam
312 243 496 309 Spiritui
519 230 682 288 Sanao
715 237 1002 287 tribuendum
1030 237 1150 295 effe,
1182 235 1214 285 fi
1242 238 1335 285 hoc
1361 254 1470 285 con-

0 306 3 323 ³
63 307 170 369 stet,
196 321 300 361 eum
338 308 424 358 esse
456 313 620 357 Deum.
687 311 837 372 Itaque
871 305 992 355 reae
1020 306 1254 367 Theologi
1285 304 1470 368 quidam

43 383 116 431 ,in
149 376 416 433 testimoniis
443 379 518 431 iis,
572 373 732 440 quibus
770 374 1180 440 adoratio‘Spiritus
1210 370 1356 421 San&
1394 376 1468 422 in—

63 447 356 509 telligeretur,
402 445 525 493 hunc
563 443 708 508 ipsum
735 444 886 490 locum
920 442 1129 506 posuere,
1178 443 1256 506 qui
1296 441 1480 489 formu?

62 515 155 564 hm
183 513 389 579 baptismi
417 508 654 576 vsurpandi
679 510 838 567 habet,
880 508 956 558 etfi
984 512 1076 557 vim
1116 511 1370 571 argumenti
1402 508 1467 555 fe-

42 596 114 631 ‘m
161 598 258 630 non
303 579 603 629 ostenderunt.
698 583 909 627 Ceterum
966 576 1220 625 mirandum
1266 576 1467 634 videtur,

62 648 299 716 quomodo
329 642 531 714 exempli:
566 646 720 694 talium
750 663 933 710 precum
961 663 1055 693 non
1081 645 1242 693 viderit
1272 645 1345 692 ille
1373 646 1468 691 Bri—

65 727 228 768 tannus
258 719 307 763 in
334 717 447 764 locis
474 712 838 778 Apostolicorum
870 713 1084 761 librorum
1113 715 1188 768 iis,
1234 714 1281 759 in
1306 711 1470 777 quibus

65 795 171 833 vota
210 782 327 832 fiunt
367 801 454 850 pro
493 783 627 831 stlute
659 781 1004 830 Christianorum
1040 781 1195 828 diserta
1233 796 1336 828 cum
1371 782 1468 844 Spi-

65 855 177 900 titus
211 849 360 899 Sansti
400 852 655 906 mentione,
702 851 844 915 iisque
883 865 1038 914 parem
1076 848 1169 896 fere
1206 851 1297 895 vim
1337 847 1472 896 habet

66 920 143 968 ille
184 919 429 977 Paullinus,
476 922 521 966 in
550 934 639 982 quo
680 934 762 982 per
798 920 1015 983 Spiritum
1052 914 1263 964 Sanstum
1298 917 1473 963 iuratur

67 990 194 1038 Rom.
223 989 293 1044 IX,
342 1006 382 1037 1.
418 998 467 1034 vt
498 1003 582 1048 per
621 985 827 1053 Christum
862 983 1056 1039 ibidem,
1108 986 1147 1035 ἐν
1176 985 1311 1052 Χςιςῷ
1350 996 1397 1032 et
1433 984 1498 1040 in⁴

68 1051 291 1118 Ηνεόματι
312 1052 456 1121 dylm,
485 1064 727 1116 vtrumque
755 1050 865 1100 illud
887 1052 941 1099 ad
970 1050 1332 1101 asseuerationem
1361 1049 1471 1106 αἰλί-

12 1115 42 1167 s
69 1121 198 1172 θεων
237 1122 380 1185 λέγω,
402 1109 456 1172 ’ἐ
491 1116 714 1185 ψεύδομας
754 1119 1057 1168 referendum:
1110 1120 1358 1184 diciturque
1395 1121 1474 1167 he·

26 1213 49 1228 ι
67 1190 219 1238 braico
254 1205 403 1248 more,
453 1200 503 1236 vt
530 1190 712 1237 Graecis
741 1186 787 1243 m)
813 1184 881 1240 τὸν
907 1190 1075 1255 §teis-dv,
1124 1186 1165 1243 νῆ
1203 1185 1253 1236 τδ
1293 1186 1473 1252 Πνεῦμα

11 1267 16 1280 ’
70 1255 105 1311 ἅ
142 1277 209 1306 ιον.

104 1277 140 1338 γ
170 1329 276 1373 Nec
298 1341 408 1372 vero
426 1325 835 1389 praetermittemus
857 1325 983 1372 hunc
1001 1325 1245 1372 calumniae
1263 1324 1376 1371 illius
1403 1327 1475 1372 Iu·

71 1394 179 1442 liani
216 1394 359 1446 vsum,
407 1410 543 1456 quem
572 1391 739 1439 habere
766 1391 914 1457 potest
943 1392 1148 1440 aduersus
1187 1408 1286 1448 eos,
1326 1392 1399 1456 qui
1428 1393 1478 1441 in

72 1471 221 1508 vetere
248 1458 436 1506 Ecclesia
453 1459 733 1508 diuinitatem
764 1461 951 1524 Spiritus
983 1458 1129 1507 Sanffl
1155 1461 1358 1520 ignotam
1377 1458 1479 1506 fuis-

74 1528 120 1576 se
154 1526 414 1575 defendunt.
490 1532 615 1574 Nam
647 1524 700 1582 fi,
741 1526 982 1575 secundum
1019 1528 1241 1574 Iulianum
1277 1544 1303 1573 e
1330 1528 1478 1574 verbis

74 1594 279 1660 baptismi
305 1593 503 1642 adoratio
540 1593 619 1641 filii
646 1596 732 1642 Dei
760 1606 886 1651 nata,
935 1605 1068 1657 atque
1105 1593 1208 1642 inde
1236 1593 1477 1642 diuinitatis

45 1721 50 1723 Α
76 1671 394 1724 argumentum
425 1662 562 1723 vulgo
594 1660 780 1710 dotium
810 1661 897 1718 οὓς
928 1679 1016 1727 qua
1045 1662 1192 1727 specie
1218 1664 1387 1726 poterit
1417 1663 1481 1710 di-

77 1733 140 1786 ci,
173 1746 267 1776 non
287 1729 406 1776 idem
437 1731 626 1794 Spiritus
653 1733 694 1777 S.
724 1733 771 1778 in
793 1748 843 1778 ea
872 1729 1068 1778 formula
1103 1731 1385 1780 mentionem
1419 1729 1482 1778 ef-

77 1794 234 1847 feciss'e.
302 1799 361 1843 Et
401 1799 672 1844 contrarium
711 1797 847 1845 docet
881 1794 1093 1856 Iustinus,
1131 1799 1279 1862 quiin
1308 1800 1480 1862 Apolo-

81 1868 152 1926 gia
180 1863 296 1910 clare
331 1861 459 1919 dicit,
496 1861 766 1913 Christianos
798 1861 1019 1928 σέβεσθαι,
1051 1860 1131 1925 na?
1149 1868 1391 1932 πξοςκυνέῖν
1431 1862 1483 1915 vo*

80 1931 261 1992 Πνεῦμα
288 1929 586 1996 πςοφητικδν,
621 1934 756 1979 colere
772 1943 813 1980 et
832 1936 1016 1982 adorare
1036 1937 1257 1996 Spiritum,
1288 1939 1359 2000 qui
1377 1936 1485 1982 Iocu-

27 2054 35 2060 ‚
83 2009 152 2049 tus
170 1998 224 2062 est
251 2015 338 2060 per
359 2000 607 2060 prophetas.

181 2069 324 2112 Hunc
360 2081 472 2126 ergo
506 2066 723 2130 Spiritum
753 2067 794 2112 S.
823 2082 908 2114 nos
946 2084 1131 2132 quoque
1169 2078 1218 2114 vt
1246 2068 1484 2133 personam

82 2133 281 2180 diuinam
314 2130 601 2179 adorabimus
636 2145 768 2197 atque
796 2135 997 2182 colemus
1026 2136 1251 2195 religiose,
1280 2138 1486 2200 primum

83 2199 162 2257 fic,
208 2210 265 2255 vt,
293 2216 394 2246 cum
437 2202 522 2247 Dei
560 2217 727 2247 nomen
767 2203 812 2247 in
841 2202 1047 2266 precibus
1085 2204 1385 2267 appellamus,
1438 2214 1487 2252 et

1 2275 4 2278 ⁴
83 2267 248 2333 ipsum,
276 2284 379 2314 eum
412 2278 537 2330 patre
579 2279 626 2314 et
657 2268 752 2316 filio
782 2273 1055 2332 cogitemus,
1085 2271 1243 2317 deinde
1271 2283 1320 2319 vt
1348 2274 1487 2320 etiam

84 2336 270 2402 proprie
308 2333 364 2380 ad
398 2334 543 2398 ipsum
583 2346 628 2382 et
668 2338 933 2385 nominatim
972 2337 1209 2400 dirigamus
1248 2357 1403 2403 preces
1441 2351 1490 2388 et

85 2419 171 2467 pro
205 2401 423 2458 nobismet
460 2400 562 2466 ipsis
610 2415 655 2450 et
692 2420 777 2468 pro
830 2406 924 2452 aliis
959 2406 1012 2452 ad
1048 2406 1327 2470 impetranda
1371 2407 1491 2456 bona

0 2491 3 2494 >
85 2469 344 2532 spiritualia,
376 2467 419 2514 id
449 2468 531 2526 est,
565 2487 614 2516 ea
635 2473 806 2528 omnia,
833 2473 998 2536 quibus
1030 2474 1161 2521 nobis
1191 2473 1245 2522 ad
1274 2476 1495 2539 accipien-

89 2535 189 2582 dam
226 2535 406 2582 salutem
444 2556 467 2583 a
504 2536 675 2585 Christo
715 2550 885 2605 partam
916 2559 1031 2605 opus
1069 2540 1154 2599 est,
1194 2553 1241 2589 et
1280 2544 1495 2591 auxilium

93 2604 186 2652 eius
214 2605 263 2652 in
291 2603 600 2671 consequenda
627 2623 729 2656 vera
759 2606 986 2657 sanstitate
1013 2620 1059 2657 et
1086 2609 1401 2660 conseruandis
1430 2610 1500 2658 of·

1383 2677 1496 2728 ficiis
