1682 3068
744 447 832 488 DE

218 527 570 626 ὀΕΕῐῼΙΟ
627 533 948 596 CHRISTI
1005 534 1342 597 ‘mmmm

89 771 278 899 Cum
304 781 501 845 primu'm
531 795 584 826 ac
621 777 812 826 coeleste
849 777 906 825 de
933 777 1031 824 Iesu
1059 787 1166 826 nato
1193 774 1490 842 praeconium

107 893 110 897 .
229 846 387 895 habeat
405 859 451 894 et
474 849 670 894 laetitiae
697 848 925 903 maximae,
963 845 1018 892 ad
1045 847 1389 907 vniuersumque
1410 856 1487 900 ge-

84 931 170 962 nus
204 916 451 963 humanum
477 918 748 981 pertinentis
783 913 1199 967 denunciationem,
1242 923 1289 958 et
1317 907 1485 957 cauffae

82 992 320 1048 tantopere
339 983 534 1031 laetandi
561 981 906 1048 expolitionem,
935 982 1064 1030 facile
1085 981 1368 1042 intelligitur,
1396 978 1486 1041 pri·

78 1066 229 1105 mum,
261 1051 495 1116 quomodo
526 1050 673 1098 affesti
692 1049 777 1097 efl‘e
809 1050 1001 1098 debeant
1034 1053 1213 1105 animis,
1252 1048 1332 1112 qui
1363 1054 1486 1091 nata·

78 1119 169 1165 lem
190 1121 475 1167 Dominicum
505 1122 590 1167 rite
625 1119 849 1167 celebrare
877 1120 1039 1176 velint,
1071 1116 1232 1164 deinde
1258 1113 1365 1180 quid
1397 1128 1485 1159 am·

0 1196 1 1238 3
78 1183 212 1251 plesti
238 1197 393 1233 mente
417 1198 552 1251 atque
570 1189 882 1248 intelligentia,
910 1197 958 1234 et
977 1185 1226 1251 ponderare
1244 1183 1484 1243 cogitatio-

77 1270 152 1309 ne,
182 1258 232 1300 v't
258 1255 469 1301 laetitiam
493 1272 655 1310 veram,
695 1266 743 1303 et
770 1251 980 1310 santiam,
1014 1265 1061 1302 et
1090 1255 1269 1314 dignam
1298 1251 1360 1297 rei
1389 1265 1481 1295 ma«

77 1320 312 1381 gnitudine
337 1336 493 1387 capere
520 1322 695 1388 poffint.
765 1325 888 1369 Nam
909 1324 1050 1369 inanis
1070 1319 1133 1367 est
1151 1320 1325 1374 laetitia,
1356 1314 1434 1362 nili
1455 1332 1481 1363 a

79 1388 232 1452 cauffis
259 1392 371 1436 veris
397 1401 444 1436 et
471 1388 599 1438 bonis
620 1400 720 1437 nata
737 1387 813 1436 fit:
850 1399 896 1435 et
918 1389 1086 1436 caussae
1103 1390 1165 1434 ita
1187 1388 1290 1435 sunt
1309 1384 1481 1433 vnicui-

76 1473 165 1520 que
191 1459 402 1515 veriores,
432 1469 482 1505 vt
505 1460 642 1518 magis
674 1456 728 1504 ab
755 1474 812 1503 eo
844 1454 1098 1504 intelleEhe
1116 1456 1228 1502 sunt.
1298 1453 1384 1500 Sed
1404 1468 1478 1498 res

74 1521 251 1570 diuinae
278 1537 326 1572 et
352 1526 406 1573 ad
432 1526 701 1587 religionem
731 1527 1010 1589 pertinentes
1038 1535 1137 1571 turn
1161 1522 1345 1569 demum
1372 1536 1479 1567 vere

72 1591 402 1652 intelliguntur,
441 1610 547 1640 cum
576 1610 648 1640 eas
679 1609 807 1640 mens
833 1593 887 1639 ab
917 1593 1121 1640 sensuum
1149 1604 1479 1655 corporeorum

73 1661 348 1719 contagione
383 1670 431 1707 et
464 1677 491 1707 a
532 1659 783 1725 phantasiae
814 1658 1020 1707 ludibriis
1047 1659 1185 1706 libera
1216 1666 1477 1705 contuetur.

24 1736 28 1741 “
71 1728 195 1777 Nam
214 1727 369 1792 etipse
389 1731 512 1774 Deus
530 1728 707 1792 spiritus
727 1726 801 1784 est,
830 1737 877 1774 ct
894 1726 1072 1774 consilia
1100 1729 1193 1773 eius
1214 1725 1267 1774 ad
1289 1725 1477 1772 salutem

69 1794 311 1842 hantunam
338 1798 616 1860 pertinentia,
643 1812 841 1860 quorum
871 1795 1098 1843 scientiam
1123 1805 1171 1841 et
1199 1793 1323 1840 vsum
1341 1791 1476 1840 ‘tradit

69 1861 242 1922 religio,
268 1861 323 1908 ad
351 1874 551 1910 mentem
581 1866 767 1929 proprie
794 1866 1035 1928 pertinent,
1069 1863 1257 1925 suntque
1283 1870 1381 1908 tota
1406 1862 1474 1908 in·

70 1929 362 1989 telligentiae,
401 1930 456 1976 ab
483 1929 673 1976 sensibus
700 1945 747 1977 et
771 1929 996 1994 phantasia
1035 1931 1239 1978 semotae.
1313 1931 1473 1992 Itaque

69 2006 120 2042 vt
146 1997 343 2058 primum
372 1997 483 2043 mala
509 1996 711 2043 sensuum
742 2008 789 2043 et
808 1997 1056 2060 phantasiae
1085 1996 1287 2043 sedulitas
1306 1997 1352 2041 in
1373 2012 1472 2042 eam

69 2060 291 2121 :aionem
320 2065 454 2109 animi
479 2062 522 2108 se
549 2065 727 2124 ingerit,
762 2063 894 2110 facile
924 2066 964 2110 ei
993 2062 1205 2112 tenebrae
1229 2062 1473 2110 offundun-

69 2139 155 2184 tur,
185 2137 232 2175 et
248 2128 366 2176 fraus
393 2128 581 2177 offertur
607 2123 777 2177 inanes*
790 2133 1008 2193 imagines
1034 2143 1081 2178 et
1097 2130 1273 2178 vmbras
1296 2147 1381 2194 pro
1400 2146 1471 2176 re-

67 2195 152 2243 bus
178 2199 364 2255 tenenti,
396 2206 444 2244 et
470 2196 576 2245 dum
604 2198 687 2245 illis
716 2210 946 2255 mouetur,
986 2201 1055 2247 his
1084 2199 1127 2246 se
1160 2200 1233 2263 pie
1260 2196 1377 2246 affici
1403 2197 1470 2245 so-

66 2266 268 2311 mnianti.
594 2311 595 2314 ,
732 2320 735 2321 ⁷

165 2330 287 2387 Quid
307 2329 369 2379 est
387 2333 532 2393 igitur,
565 2332 688 2397 quod
713 2342 881 2381 tantam
910 2329 1097 2381 laetandi
1126 2332 1312 2381 cauffam
1333 2342 1468 2397 atque

66 2401 295 2447 materiam
325 2399 629 2463 praebiturum
660 2404 811 2462 generi
840 2403 1037 2448 humano
1058 2401 1279 2466 praedicat
1305 2417 1466 2464 praeco

67 2465 126 2511 de
148 2466 276 2513 coelo
296 2464 477 2514 mifl‘us?
512 2471 697 2532 Nempe
724 2478 853 2515 natus
871 2470 1089 2518 Seruatus.
1155 2471 1213 2516 Et
1231 2486 1289 2515 ne
1306 2470 1355 2516 in
1374 2485 1467 2516 am·

66 2529 204 2592 big-uo
233 2531 299 2591 sit,
332 2551 466 2597 quern
494 2538 777 2583 Seruatorem
805 2548 1015 2600 oporteat
1041 2537 1310 2597 intelligere,
1354 2553 1465 2584 eum

68 2597 154 2645 effe
175 2601 301 2648 addit
325 2602 532 2665 Christum
563 2607 813 2659 Dominum,
843 2606 933 2652 hoc
963 2603 1047 2659 est,
1082 2607 1274 2666 Regem,
1307 2606 1463 2669 priscis

66 2668 251 2716 oraciilis
274 2668 533 2736 promissum
566 2672 619 2720 ad
639 2671 820 2719 salutem
842 2674 1019 2733 generis
1046 2674 1233 2722 humani
1251 2683 1298 2720 et
1318 2673 1462 2733 digni-

716 2745 791 2788 Aa
823 2756 852 2803 3
1321 2752 1460 2787 tatem
