1682 3068
178 151 282 214 436
654 167 1089 199 auae-ronvm

182 271 422 320 defendere
450 280 634 319 conatur
655 270 894 321 absentiam
921 276 1102 322 naturae
1125 270 1282 322 Christi
1314 274 1531 323 humanae
1556 293 1582 325 a

182 342 327 395 terrie,
359 349 407 388 vt
426 357 568 387 veram
588 343 791 405 corporis
812 351 856 388 et
875 341 1154 402 sanguinis-in
1173 339 1440 389 Eucharistia
1461 359 1583 406 prae-

182 409 367 457 sentiam
395 409 586 463 tolleret,
620 408 735 455 hanc
750 410 1166 473 interpretationem
1197 409 1250 456 ad
1278 427 1373 457 eam
1408 411 1586 474 opinio·

181 493 291 524 nem
320 474 579 526 firmandam
609 477 809 532 contulit,
838 493 976 542 eaque
1003 494 1065 532 re,
1102 489 1148 524 vt
1172 476 1234 532 fit,
1269 475 1506 541 suspessam
1535 486 1583 524 et

181 543 365 592 inuisam
387 542 544 590 nostris
566 543 690 590 fecit:
713 545 827 590 vnde
845 545 996 608 coepit
1015 547 1322 609 interpretatio
1342 545 1475 591 altera
1493 545 1584 593 vul-

182 624 326 674 gatior
347 609 446 667 effe,
477 622 524 657 et
550 628 572 658 a
606 611 826 675 plerisque
858 627 1002 676 prope
1030 615 1239 659 canonica
1268 612 1434 667 haberi,
1461 628 1581 678 ‚quae

183 678 235 728 τὸ
255 674 492 745 δέξασθαι,
526 677 727 742 capiendi
747 676 904 734 astum,
931 678 985 726 ad
1004 681 1146 728 Iesum
1175 679 1336 742 refert,
1359 679 1413 726 ab
1434 695 1580 744 eoque

182 750 360 798 eoelum
389 759 658 809 occupatum
688 744 782 800 diei,
814 745 1024 794 defendit.
1091 752 1249 805 Nunc,
1276 765 1379 794 cum
1412 747 1485 793 ille
1512 764 1582 794 ara

182 815 265 862 dor
287 813 738 878 disputandirefrixit,
764 812 960 861 liberiori
988 816 1136 862 animo
1160 816 1265 863 licet
1285 813 1360 862 ista
1378 813 1580 869 trassare,

181 887 227 930 'et
246 882 497 934 diiudicare,
537 898 649 944 quae
667 879 718 928 lit
737 898 894 928 eorum
917 881 1155 930 verborum
1181 882 1409 929 sententia.

212 980 215 981 ν
281 953 370 996 Iam
390 951 600 1013 primum,
633 949 744 996 sumi
766 948 855 995 hoc
875 949 1137 997 arbitramur
1158 947 1292 1014 poffe,
1331 966 1423 996 non
1443 948 1577 996 refra-

180 1017 399 1079 gantibus,
431 1019 506 1079 qui
527 1017 701 1076 linguae
720 1032 901 1076 graecae
918 1017 1040 1062 vsum
1059 1017 1251 1080 aliquem
1271 1016 1451 1071 habent,
1484 1033 1578 1063 ver-

179 1084 287 1133 bum
311 1078 536 1145 δὲχεσθαᾳ,
571 1099 673 1129 cum
695 1085 897 1142 iungitur
917 1083 1038 1140 loco,
1066 1083 1264 1131 eiusdem
1285 1082 1370 1130 effe
1390 1083 1575 1130 attribu-

178 1164 298 1199 tum:
327 1153 452 1198 locus
487 1153 669 1213 proprie
698 1151 815 1215 capit
844 1151 1088 1208 hominem,
1122 1167 1214 1198 non
1243 1152 1384 1198 homo
1411 1152 1577 1198 locum.

177 1223 284 1267 Nec
314 1236 364 1265 ea
385 1219 498 1264 ratio
529 1219 714 1271 tollitur,
748 1220 898 1282 paucis
927 1218 1138 1283 exemplis
1157 1220 1202 1264 in
1225 1219 1495 1265 contrarium
1516 1218 1578 1265 al-

178 1289 288 1343 latis,
317 1289 362 1332 in
395 1284 554 1349 quibus
583 1283 792 1347 quaedam
822 1287 953 1332 etiam
985 1287 1086 1333 sunt
1101 1286 1253 1333 aliena.
1319 1289 1431 1332 Non
1453 1287 1577 1332 enim

177 1353 328 1402 {inunt
346 1370 444 1400 vera
462 1353 780 1417 interpretandi
799 1365 1048 1418 praecepta,
1067 1353 1119 1400 ab
1141 1351 1458 1415 fignificatione
1478 1370 1576 1399 ver-

177 1422 343 1471 borum
373 1423 553 1486 propria
585 1431 632 1468 et
663 1421 838 1480 vulgata
866 1420 1086 1478 recedere,
1114 1432 1162 1468 et
1190 1421 1310 1486 sequi
1328 1435 1577 1484 paucorum

178 1490 486 1554 exemplorum
513 1486 822 1536 austeritatem
850 1491 1175 1536 contrariorum
1196 1524 1208 1544 ,
1246 1487 1500 1553 praesertim
1527 1489 1575 1533 in

162 1557 301 1605 libris
322 1555 655 1621 Apostolorum,
687 1558 766 1620 qui
798 1556 870 1603 illa
895 1558 1056 1604 rariora
1077 1556 1353 1617 ignorabant,
1387 1551 1464 1602 nifi
1482 1559 1575 1601 eui·

178 1626 289 1672 dens
318 1623 546 1672 neceffitas
574 1634 731 1686 cogat:
775 1641 891 1687 quae
921 1621 1127 1688 profefilo
1158 1625 1232 1670 hic
1257 1623 1375 1670 nulla
1406 1622 1573 1668 necin·

177 1690 351 1741 tellesta
370 1691 431 1738 est
450 1692 503 1738 ab
523 1693 730 1755 antiquis,
761 1707 848 1737 nec
874 1691 1056 1751 intelligi
1073 1688 1230 1754 potest.
1296 1694 1444 1736 Immo
1463 1705 1574 1735 vero

176 1778 248 1809 res
278 1771 324 1807 et
353 1757 582 1806 confilium
606 1756 807 1821 Apostoli
836 1758 957 1805 iubet
985 1775 1165 1804 manere
1192 1759 1237 1804 in
1262 1755 1407 1803 vfitata
1430 1756 1503 1802 illa
1522 1753 1572 1802 si·

176 1826 463 1890 gnificatione
491 1825 614 1872 verbi
642 1821 881 1891 ὃέξοισθιη.
933 1824 1026 1871 -Est
1054 1837 1202 1871 autem
1231 1825 1412 1877 clarum,
1446 1829 1571 1887 Apo·

175 1894 340 1942 stolum
362 1893 523 1941 docere
542 1893 665 1948 velle,
700 1910 834 1956 quare
854 1890 1048 1939 Christus
1080 1889 1260 1956 perasta
1279 1894 1324 1938 in
1351 1892 1480 1938 terris
1505 1907 1573 1936 ex-

174 1965 377 2028 piatione
397 1974 694 2025 peccatorum,
714 1977 740 2006 e
758 1959 905 2007 medio
926 1957 1166 2016 discesserit,
1189 1958 1380 2007 sublatus
1400 1960 1444 2003 in
1467 1973 1570 2005 coe·

176 2032 300 2086 lum3
349 2046 515 2092 nempe
542 2028 664 2093 quod
698 2031 755 2075 ita
782 2029 997 2093 placuerit
1026 2028 1152 2084 Deo,
1195 2043 1297 2074 eum
1329 2027 1495 2073 interea
1520 2025 1572 2072 in
1605 2052 1608 2053 ν
1680 2029 1682 2041 ¹

175 2099 306 2146 coelo
325 2095 410 2144 effe
427 2107 473 2142 et
495 2113 685 2150 manere,
714 2095 934 2143 sedentem
955 2114 977 2142 a
1004 2094 1149 2142 dextra
1169 2093 1252 2150 sua,
1272 2103 1320 2140 et
1339 2102 1569 2140 remotum

175 2165 229 2213 ab
248 2166 484 2212 oculorum
515 2164 815 2211 humanorum
833 2161 1052 2228 adspefitm
1084 2164 1188 2219 dum
1208 2160 1373 2208 durent
1392 2171 1567 2223 tempo·

174 2251 220 2280 ra
242 2235 548 2280 oeconomiae
577 2231 889 2291 Euangelicae,
929 2246 1044 2294 quae
1069 2228 1334 2294 praedixerit
1359 2244 1443 2291 per
1461 2229 1568 2272 Pro·

172 2302 346 2364 phetas.
415 2298 500 2345 Sed
525 2299 631 2345 huic
660 2300 724 2345 rei
757 2300 895 2359 magis
923 2309 1029 2362 apta
1053 2296 1231 2345 videtur
1255 2294 1567 2359 interpretatio

171 2369 244 2415 illa
264 2369 511 2430 antiquior:
546 2366 838 2413 coelidebent
858 2365 1078 2412 Christum
1105 2377 1338 2427 receptum
1357 2364 1566 2417 retinere,

170 2452 303 2498 quam
329 2435 572 2481 recentior:
603 2430 798 2480 Christus
820 2432 971 2479 debuit
995 2433 1182 2488 coelum,
1203 2430 1351 2477 sedem
1370 2425 1564 2476 maiesta-

169 2503 227 2548 tis
256 2502 448 2557 diuinae,
481 2517 724 2565 occupare3
754 2500 1006 2561 praesertim
1040 2516 1142 2546 cum
1173 2500 1232 2546 illi
1262 2499 1392 2554 etiam
1417 2505 1562 2542 cetera

166 2569 326 2615 melius
347 2571 634 2615 conueniant.
705 2565 864 2630 Estque
892 2566 1158 2614 simillimum
1179 2566 1286 2613 illud
1306 2565 1459 2630 Lysiae
1482 2564 1562 2607 Or.

166 2652 205 2683 c.
225 2634 398 2684 Andoc.
415 2653 459 2700 p.
486 2652 503 2682 1
519 2650 592 2697 17.
612 2634 685 2683 vbi
705 2636 937 2683 hominem
956 2635 1181 2700 expulsum
1207 2633 1361 2698 patria,
1391 2630 1563 2742 nug-ang

1483 2712 1535 2742 ici
