1650 3060
783 423 876 468 DE

130 518 396 602 VOC.
439 521 973 595 ΚΑΤΑΛὙΜΑ
1018 523 1140 593 ΕΤ
1184 503 1458 595 ΑΎΛΗ

588 654 683 698 AD
726 655 875 699 ch
906 655 981 708 11,
1011 664 1057 714 7

228 800 263 850 st
284 802 376 851 hoc
402 798 579 850 inlitum
604 803 754 850 animo
782 819 834 849 ac
861 800 980 850 sensu
1012 797 1184 858 nostro,
1213 811 1261 849 vt
1279 803 1339 849 ait
1361 804 1521 851 Cicero

247 870 302 919 de
330 874 468 932 Legg.
494 874 548 925 11,
579 890 620 920 2.
648 883 695 932 vt
723 867 998 918 deleEtemur
1027 872 1136 917 locis
1166 872 1238 926 iis,
1279 872 1326 916 in
1360 872 1524 934 quibus

116 939 220 987 funt
247 955 417 992 eorum,
449 956 563 1003 quos
590 937 808 998 diligimus
837 951 884 986 et
913 938 1190 994 admiramur,
1224 936 1411 998 vestigia
1448 937 1523 985 vbi
1543 938 1553 944 “

103 1001 210 1054 'nati
229 1020 276 1055 et
301 1007 475 1053 educati
501 1008 615 1062 sunt,
647 1007 718 1052 vbi
740 1010 873 1053 vitam
893 1022 1040 1068 egere,
1070 1023 1141 1052 res
1162 1021 1339 1065 magnas
1361 1005 1523 1061 fecere,

119 1077 255 1133 etiam
284 1073 354 1122 vbi
384 1074 542 1136 sepulti
572 1073 680 1121 sunt.
749 1077 900 1139 Itaque
928 1076 1105 1121 Atticus
1133 1071 1195 1120 ibi
1222 1072 1339 1126 dicit,
1375 1075 1430 1129 se,
1463 1080 1524 1121 A·

117 1143 268 1190 thenis
287 1159 388 1189 cum
410 1137 528 1196 effet,
547 1158 641 1187 non
659 1152 747 1188 tam
770 1139 1014 1202 magnificis
1034 1140 1245 1218 operibus
1266 1141 1382 1187 illius
1404 1139 1525 1189 vrbis

39 1239 42 1240 ν
118 1206 345 1265 delestari,
384 1225 518 1271 quam
545 1209 854 1256 recordatione
879 1208 1154 1255 summorum
1184 1210 1407 1263 virorum,
1447 1209 1524 1257 vbi

222 1294 308 1341 que
336 1275 553 1330 habitare,
593 1275 667 1323 vbi
699 1275 868 1333 sedere,
915 1277 988 1323 vbi
1023 1275 1304 1340 disputare!
1277 1273 1307 1321 s
1310 1287 1330 1322 t
1361 1277 1525 1333 solitus,

18 1337 34 1369 ⁷
117 1293 392 1411 Rumdsioseque
427 1343 470 1390 se
500 1345 630 1390 etiam
670 1343 867 1410 sepulcra
895 1359 1053 1390 eorum
1091 1344 1396 1408 contemplari.
1466 1348 1523 1391 In

115 1405 210 1466 hoe
225 1412 303 1463 tali
322 1411 443 1458 sensu
464 1411 674 1465 humano,
704 1430 796 1460 non
818 1410 879 1459 est
900 1410 1167 1468 misanduim
1200 1423 1373 1459 veteres
1394 1411 1523 1460 chri-

44 1500 49 1503 *
117 1474 282 1539 stianos
316 1477 604 1543 frequentasse
629 1480 728 1526 loca
757 1498 818 1535 ea,
851 1478 924 1528 vbi
945 1478 1103 1534 Christi
1124 1482 1363 1527 seruatoris
1386 1480 1525 1558 νεὶιιξί

118 1539 297 1612 vestigia
323 1546 365 1593 se
390 1557 602 1611 putarent
634 1545 846 1610 speflare,
890 1548 1040 1594 locum
1075 1548 1275 1612 inprimis
1313 1543 1523 1604 natalem,

119 1613 196 1678 sep
198 1613 372 1679 ulcrum
393 1625 439 1661 et
458 1613 548 1660 alia.
616 1614 741 1662 Sed
729 1633 774 1662 in
793 1617 845 1662 iis
864 1614 990 1692 saepe
1009 1613 1170 1663 famam
1193 1626 1239 1662 et
1259 1617 1525 1680 opinionem

117 1631 333 1730 incertam
361 1680 664 1746 sequebantur,
694 1695 742 1729 vt
769 1684 812 1728 in
841 1699 910 1738 eo,
945 1687 991 1730 in
1021 1701 1112 1748 quo
1144 1681 1340 1731 Christus
1367 1699 1526 1731 recens

117 1760 248 1801 natus
266 1765 292 1796 a
312 1761 450 1795 matre
470 1747 686 1814 repositus
706 1746 863 1807 fuiffet,
898 1768 1045 1814 quem,
1076 1753 1181 1816 quia
1200 1753 1245 1798 in
1270 1752 1527 1799 narratione

117 1818 264 1865 Luoee
292 1813 511 1881 praesepis
542 1820 715 1865 mentio
742 1816 806 1874 fit,
835 1819 881 1866 in
911 1817 1078 1865 stabulo
1100 1835 1328 1884 pecorum,
1365 1818 1531 1867 nostris

116 1881 268 1938 simili,
298 1893 395 1940 aut,
423 1900 537 1946 quae
569 1886 816 1932 multorum
849 1888 1137 1964 antiquorum
1168 1888 1344 1933 traditio
1365 1887 1445 1942 est,
1477 1887 1527 1935 in

119 1949 325 2017 spelunca
364 1950 510 2006 saxea,
549 1952 845 2004 Bethlehemo
877 1956 1150 2018 propinqua,
1184 1954 1435 2017 ponebant,
1470 1951 1526 2000 ad

121 2030 311 2082 eamque
331 2019 592 2081 opinionem
612 2018 882 2082 torquebant
900 2023 1043 2067 Lucae
1065 2023 1374 2075 narrationem,
1408 2036 1526 2085 quos

120 2095 168 2132 et
194 2087 467 2132 recentiores
497 2086 701 2150 plerique
732 2086 830 2133 sunt
861 2087 1021 2144 secuti3
1058 2104 1095 2134 v
1114 2089 1316 2136 Grotium
1345 2085 1396 2135 ad
1418 2094 1525 2136 Luc-

117 2155 176 2207 11,
193 2165 239 2214 7.
257 2164 303 2198 et
322 2153 501 2216 Caflzub.
523 2152 677 2200 Exere.
697 2158 855 2200 Baton.
878 2158 927 2211 11,
945 2172 984 2204 1
1003 2155 1121 2220 seqq.
1142 2167 1187 2203 et
1208 2156 1286 2202 alia
1305 2153 1527 2210 librorum

118 2220 341 2277 sacrorum
364 2220 486 2275 loca;
518 2238 632 2285 quae
651 2238 733 2268 nos
754 2234 799 2268 et
818 2238 915 2270 rem
943 2223 1077 2288 ipsam
1098 2240 1151 2270 ex
1171 2224 1431 2288 antiquitate
1458 2225 1526 2272 in

120 2297 335 2351 corrupta
356 2291 593 2348 cognitam,
622 2288 819 2336 breuiter
836 2290 1067 2355 explicare
1074 2291 1360 2339 tentabimus.

219 2356 488 2418 Incipiamus
509 2356 563 2403 ab
585 2357 711 2412 loco,
747 2359 793 2404 in
817 2374 907 2421 quo
928 2358 1136 2422 Iosephus
1160 2371 1206 2406 et
1225 2362 1371 2406 Maria
1388 2353 1528 2406 versa·

121 2417 297 2476 bantur,
333 2439 436 2470 cum
465 2424 617 2475 natalis
644 2424 736 2472 Iesu
759 2423 915 2472 christi
936 2426 1027 2472 dies
1058 2426 1218 2474 aderat.
1285 2428 1427 2476 Lucae
1446 2442 1530 2474 κει·

120 2486 323 2550 τάλυμαι
343 2502 495 2537 vocat:
527 2492 574 2536 in
603 2507 696 2554 quo
727 2507 831 2548 non,
868 2503 917 2539 vt
947 2494 1083 2554 vulgo
1111 2491 1174 2549 fit,
1206 2492 1527 2550 deuersorium,

51 2557 67 2614 ᾗ
119 2554 260 2603 {imile
293 2555 474 2614 nostris,
509 2559 877 2619 intelligendum,
908 2560 1168 2639 promiscuis
1191 2560 1297 2619 illis,
1326 2573 1375 2608 et
1401 2562 1532 2608 omni

119 2623 424 2693 peregrinanti
447 2626 741 2692 patentibus.
780 2645 868 2695 qua
898 2631 1114 2692 opinione
1145 2628 1323 2697 decepti
1351 2640 1529 2675 veteres

826 2698 905 2762 Pp
938 2712 964 2746 2
1345 2697 1528 2761 quidam

252 2822 324 2889 t
