1682 3068
0 1219 21 1451 ‘*-·——-....⁶1<v

680 195 1081 227 zruevAnvn
1481 190 1587 238 421.

177 322 381 369 graecam
402 305 603 365 linguam
624 301 784 356 refert,
828 319 960 366 quam
995 301 1038 348 se
1064 300 1240 349 Paullus
1271 297 1389 348 dicat
1418 300 1582 348 melius

177 373 386 425 omnibus
400 370 645 420 Corinthiis
665 370 822 417 callere
840 374 932 417 adu.
952 372 1064 418 haer.
1084 387 1126 416 n.
1147 373 1274 416 XLII.
1294 385 1338 434 p.
1355 376 1412 428 36
1425 386 1463 427 3.
1484 385 1580 433 quo

176 439 480 493 nihilstultius
500 437 587 498 diei
613 437 755 502 poffit.
860 436 964 492 Sed,
1002 449 1050 483 vt
1068 437 1120 484 ad
1139 454 1233 484 rem
1254 443 1504 493 redeamuS,
1546 433 1580 483 fi

176 507 387 557 charisma
417 507 664 567 linguarum
706 507 760 552 ad
789 504 976 552 docendi
1019 505 1274 552 facultatem
1305 516 1352 552 et
1379 505 1500 551 vsum
1530 507 1579 551 in

173 569 396 641 Apostolis
416 575 655 639 pertinuit,
695 592 774 621 cur
806 572 848 619 id
878 573 1004 638 supra
1034 586 1206 620 ceteroz
1238 573 1389 620 datum
1413 573 1579 629 Paullo,

138 668 147 673 ·
171 646 252 710 qui
270 643 467 768 Ἕω
484 641 659 693 docuit,
690 640 760 688 vbi
784 642 900 698 alius,
931 658 1061 705 quarn
1083 640 1332 688 chaldaicae
1353 653 1430 688 aut
1454 657 1577 702 grae·

171 729 272 767 eae,
364 767 370 771 Δ
425 719 503 758 'aut
521 708 745 757 neceffitas
774 707 901 764 esset,
945 725 1029 754 nec
1049 725 1241 771 vnquam
1274 711 1352 755 alia
1375 709 1469 755 vsus
1501 706 1578 765 est,

170 790 290 830 vtex
306 774 428 830 A'ffis
446 780 550 831 eius=
566 778 680 824 clare
701 789 839 844 patet.
916 782 1035 823 Nam
1060 779 1149 822 eius
1171 775 1366 823 doflrina
1392 777 1433 822 se
1458 780 1576 823 intra

167 845 280 897 fines-3
298 847 472 909 imperii
492 848 682 893 Romani
705 845 950 902 continuit,
984 855 1031 890 et
1049 843 1311 905 regionibus
1334 845 1429 891 fere
1448 862 1574 902 grae-

168 915 255 969 0533
298 913 602 977 omnibusque
621 913 795 961 inlocis
818 915 992 960 initium
1014 911 1206 958 docendi
1226 912 1333 958 fecit
1354 931 1376 958 a
1397 914 1573 959 Iudaeis

166 992 216 1034 et
231 983 275 1029 in
295 985 552 1046 synagoga,
581 982 655 1028 vbi
678 982 766 1029 sola
787 998 942 1042 graeca
961 981 1111 1041 lingua
1135 980 1436 1044 vsurparetur,
1457 998 1572 1044 quae

165 1057 215 1101 et·
232 1051 275 1096 in
298 1049 519 1098 nobilibus
538 1049 717 1097 vrbibns
740 1051 878 1111 vulgo
897 1060 1004 1096 nota
1026 1061 1134 1095 erat.
1229 1051 1382 1113 Itaque
1408 1059 1454 1094 et
1482 1052 1571 1095 Ro·

163 1134 319 1164 manae
340 1116 554 1164 Ecclesiae
576 1134 734 1179 graece
755 1115 940 1181 scripsit,
980 1133 1075 1163 non
1106 1117 1249 1163 latine.
1330 1120 1435 1163 Nec
1463 1132 1572 1163 vero

115 1228 117 1230 .
164 1187 324 1232 ceteris
347 1184 570 1249 Apostolis
600 1185 653 1231 ad
674 1187 796 1232 vsum
829 1184 1018 1231 docendi
1049 1201 1129 1248 per
1165 1184 1320 1231 orbem
1348 1196 1571 1232 terrarum

165 1253 268 1309 alia,
308 1269 438 1316 quam
469 1255 702 1301 vernacula
723 1252 1007 1307 Palaestinae,
1041 1263 1118 1298 aut
1137 1269 1295 1312 graeca
1315 1270 1428 1316 opu<
1458 1265 1568 1309 erat,
1616 1263 1619 1268 '

164 1337 302 1384 quarn
324 1318 544 1367 callebant
568 1334 822 1384 veramque,
861 1331 1077 1385 quantum
1107 1331 1202 1366 erat
1222 1319 1274 1365 ad
1303 1321 1423 1366 hunc
1443 1322 1570 1368 vsum

165 1387 277 1439 satis.
311 1391 417 1436 Erat
437 1389 559 1434 enim
578 1391 696 1435 inter
707 1387 890 1435 Iudaeos
910 1390 953 1434 in
976 1386 1204 1433 Palaestina
1226 1388 1380 1448 lingua
1400 1405 1570 1449 graeca,

165 1453 222 1505 ab
242 1455 385 1503 multo
411 1455 488 1502 vsu
517 1466 562 1502 et
588 1457 863 1503 commercio
890 1472 993 1502 curn
1015 1457 1196 1502 Graecis
1221 1473 1245 1501 e
1265 1459 1412 1520 Syria,
1459 1454 1568 1512 Afia,

163 1527 398 1589 Aegypto,
440 1541 463 1570 a
485 1523 627 1572 multo
646 1536 857 1588 tempore
878 1526 1010 1570 etiam
1033 1525 1167 1584 vulgo
1189 1538 1308 1571 nota.
1386 1528 1492 1570 Nec
1522 1524 1570 1570 id

162 1593 327 1641 mirum
357 1588 503 1656 potest
531 1594 682 1656 peritis
710 1608 864 1639 rerum
894 1593 1055 1647 videri3
1102 1608 1204 1638 cum
1236 1608 1359 1652 nunc
1386 1609 1568 1656 quoque

160 1661 364 1708 Francici
384 1662 561 1719 generis
582 1661 789 1707 homines
802 1694 814 1715 ,
855 1661 902 1705 in
923 1660 1162 1706 Germania
1190 1661 1282 1705 nati
1313 1671 1360 1706 et
1377 1660 1569 1717 educati,

161 1736 210 1775 et
226 1725 404 1784 viciffim
425 1728 644 1775 Germani
672 1726 749 1774 sub
769 1731 1044 1774 Francorum
1065 1729 1254 1791 imperio
1277 1726 1493 1788 degentes
1514 1729 1565 1774 in

158 1794 251 1858 ipfi!
269 1795 528 1851 Germania,
560 1807 797 1860 Vtramque
817 1796 1011 1857 linguam
1024 1830 1035 1850 ‚
1069 1805 1288 1859 quantum
1311 1795 1409 1843 satis
1429 1793 1493 1843 est
1509 1795 1567 1843 ad

159 1863 279 1910 vitae
300 1863 517 1909 humanae
541 1866 762 1920 rationes,
801 1874 1005 1910 teneant:
1050 1864 1080 1909 ii
1108 1874 1257 1909 autem
1278 1863 1448 1921 ludaei,
1483 1866 1566 1926 qui

160 1945 215 1975 ex
234 1929 441 1990 omnibus
469 1941 687 1977 terrarum
717 1931 911 1994 partibus
939 1944 1036 1978 tum
1057 1931 1369 1994 Hierosolyma
1388 1931 1564 1979 conflu-

148 1992 337 2049 ’κει-ωε,
372 2007 604 2059 Vtramque
632 1998 828 2057 linguam
851 2001 1015 2061 pariter
1032 1999 1286 2055 calluerint,
1329 2012 1374 2045 et
1395 2002 1562 2047 Hiero·

161 2061 470 2126 solymitanam
483 2099 494 2119 ‚
529 2074 575 2109 et
594 2064 776 2111 alteram
795 2066 926 2120 illam,
953 2067 999 2111 in
1019 2083 1103 2128 qua
1122 2065 1165 2111 se
1185 2078 1312 2112 natos
1335 2077 1382 2112 et
1399 2066 1559 2116 eduen-

161 2140 236 2179 ιω
252 2130 467 2179 dicebant.
542 2131 591 2177 Id
610 2143 755 2178 autem
776 2142 877 2178 tum
906 2133 951 2178 in
974 2134 1165 2181 Oriente
1184 2134 1389 2196 frequens
1422 2133 1561 2193 fuiffe,

160 2208 213 2246 rt
235 2201 280 2245 in
296 2215 384 2246 vna
408 2198 655 2262 eademque
679 2198 785 2246 vrbe
813 2216 864 2246 ac
895 2202 1081 2261 regione
1109 2201 1224 2250 duae
1249 2201 1444 2259 diuersae
1477 2204 1560 2249 lin·

159 2281 275 2327 guae
292 2267 543 2331 promiscue
561 2267 895 2332 vsurparentur,
932 2270 1049 2315 inter
1065 2268 1145 2315 alia
1173 2270 1264 2316 hoc
1281 2286 1463 2334 quoque
1493 2287 1559 2317 ar·

160 2335 278 2395 guit,
322 2331 443 2398 quod
460 2337 506 2381 in
526 2336 664 2380 ruinis
685 2336 953 2398 Palmyrenis
981 2336 1098 2383 tituli
1118 2339 1347 2400 vtriusque
1368 2338 1558 2400 linguae,

136 2409 208 2448 'et
235 2418 437 2463 graecae,
477 2402 618 2448 veluti
648 2402 869 2466 hospitae,
912 2412 960 2449 et
990 2404 1165 2450 alterius
1195 2404 1452 2467 indigenae,
1490 2423 1559 2453 re-

157 2471 279 2534 perti
298 2469 409 2516 sunt.
483 2474 630 2534 Atque
651 2470 902 2531 graeoeilla
920 2471 1119 2517 videatur
1138 2469 1334 2520 sufficere
1364 2472 1556 2538 potuiffe

158 2539 292 2586 etiam
313 2539 377 2592 iis,
408 2537 486 2600 qui
501 2537 650 2584 versus
674 2539 922 2593 Orientem,
940 2550 987 2586 et
1008 2539 1119 2585 vltra
1139 2540 1427 2605 Euphratem,
1452 2559 1558 2590 cum

135 2631 140 2633 >
160 2604 404 2664 Euangelio
425 2603 674 2651 tenderent.
717 2610 836 2652 Nam
857 2623 935 2656 eae
955 2623 1136 2671 quoque
1155 2610 1360 2671 regiones
1381 2610 1557 2657 fuerant

160 2670 269 2721 olim
285 2672 385 2721 satis
408 2673 483 2720 diu
502 2672 577 2720 sub
601 2674 803 2733 Graecis,
840 2675 1203 2788 argifauerantque
1226 2678 1347 2727 vsum
1379 2678 1555 2739 linguae

1004 2759 1028 2802 3
1434 2761 1555 2807 grae-
