1682 3068
180 201 280 250 390
511 202 589 237 nn
650 186 918 238 σιτ-πίοις)
959 188 1253 240 'cuxxsrr

180 326 287 390 quas
321 308 584 368 scriberent,
622 313 757 361 etiam
773 312 967 363 Iudaicae
998 317 1183 378 originis
1205 313 1433 365 Christiani
1458 332 1586 384 repe·

171 388 392 426 ¹rirentur.

280 518 343 561 At
362 513 536 576 Paullus
555 515 599 560 in
626 513 820 579 Epistola
836 515 890 562 ad
911 515 1143 566 Hebraeos
1162 517 1246 564 late
1266 516 1321 565 de
1343 517 1586 567 sacerdotio

185 579 345 628 Christi
365 579 542 629 disserit.
609 581 754 631 Reae.
825 584 909 630 Sed
930 587 1147 648 primum,
1193 588 1268 649 qui
1288 586 1389 640 finnt
1407 584 1471 633 isti
1494 591 1587 634 He-

184 646 336 695 braei?
368 653 572 713 Nempe,
604 661 653 697 vt
672 651 835 698 indicat
856 669 927 698 res
946 654 1056 716 ipsa,
1086 663 1132 700 et
1152 651 1502 704 demonstratum
1524 651 1590 702 est

184 720 367 778 egregie
387 717 440 763 ab
464 721 564 764 viris
586 717 904 773 eruditiffimiS,
944 719 1178 787 Christiani
1206 723 1353 780 gentis
1375 720 1586 776 Iudaicae,

184 801 283 831 non
304 795 420 831 extra
439 783 715 832 Palaestinam
733 800 915 846 agentes
934 798 978 833 et
998 785 1178 850 immisti
1189 789 1385 843 Graecis,
1414 789 1486 835 sed
1507 789 1589 851 qui

186 853 234 900 in
265 849 498 900 Palaestina
524 854 766 917 vicinisque
803 855 1058 915 regionibus
1089 858 1315 913 viuerent,
1363 854 1589 919 essentque

187 921 329 981 magis
349 931 523 968 tenaces
544 923 673 985 patrii
693 922 840 967 moris.
917 922 1000 968 His
1023 941 1160 983 porro
1180 940 1316 986 quare
1337 926 1395 970 ita
1423 922 1590 980 scribat,

184 999 238 1035 vt
263 987 543 1035 Sacerdotem
575 985 792 1035 Christum
825 989 957 1034 faciat
987 994 1164 1035 Aarone
1195 991 1333 1051 longe
1362 992 1589 1047 maiorem,

189 1057 419 1103 neminem
455 1060 759 1119 Interpretum
791 1055 878 1101 vidi
910 1073 1141 1118 quaerere,
1192 1069 1367 1120 praeter
1395 1061 1591 1105 Ioannem

189 1123 417 1171 d’Outrein
437 1125 483 1168 in
504 1123 840 1169 Commentario
864 1122 918 1168 ad
937 1124 1053 1170 hanc
1075 1120 1314 1187 epistolam.
1383 1125 1422 1172 Is
1443 1136 1591 1172 autem

192 1200 322 1256 putat
342 1188 427 1235 ess‘e
449 1190 565 1236 hanc
583 1188 768 1237 caussam
783 1226 794 1246 ,
836 1191 960 1253 quod
982 1191 1034 1237 ad
1055 1189 1317 1238 Christianos
1337 1208 1363 1237 e
1381 1190 1592 1256 gentibus

152 1268 156 1271 ‘
193 1259 354 1305 ceteris
374 1257 562 1304 scribere
590 1258 675 1304 tale
694 1257 800 1321 quid
826 1274 918 1304 non
950 1255 1157 1322 potuiss‘et
1186 1259 1443 1315 commode,
1488 1276 1592 1307 cum

187 1327 222 1373 ii
248 1322 383 1371 effent
409 1325 572 1372 adsueti
602 1323 898 1372 sacerdotibus
927 1323 1239 1383 Deastrorum‚
1277 1326 1438 1389 quibus
1468 1328 1594 1374 Chri-

189 1390 279 1439 stus
301 1392 499 1440 sacerdos
520 1393 665 1439 similis
685 1409 778 1440 non
799 1391 951 1440 fuisset.
1023 1399 1131 1450 Quo
1152 1394 1261 1442 nihil
1282 1395 1484 1456 frigidius
1506 1394 1593 1442 dici

190 1470 384 1526 poterat.
421 1465 690 1525 Comparare
712 1459 932 1507 Chr-istum
949 1477 1058 1510 ,cum
1078 1459 1164 1509 istis
1185 1459 1476 1510 sacerdotibus
1495 1477 1593 1509 non

190 1538 394 1593 poterat3
430 1539 474 1575 at
496 1527 770 1575 sacerdotem
793 1527 1012 1577 Christum
1038 1532 1130 1576 veri
1150 1532 1235 1577 Dei
1252 1527 1388 1582 fuisse,
1422 1539 1468 1576 et
1483 1537 1594 1577 'eum

192 1596 331 1656 longe
341 1596 553 1644 maiorem
566 1598 843 1653 Aaroniticis,
855 1597 966 1643 nihil
985 1596 1256 1660 impediebat
1265 1596 1421 1643 dicere.
1444 1598 1593 1643 Enim·

193 1678 303 1710 vero
325 1663 410 1710 istis
434 1663 686 1711 Christianis
707 1680 732 1709 e
753 1663 967 1710 Iudaismo
988 1667 1100 1710 ortis
1118 1661 1192 1710 ista
1213 1664 1380 1718 scribit,
1413 1661 1594 1710 neceffi-

184 1727 284 1778 ‘tate
301 1748 542 1795 permagna
555 1743 601 1777 et
612 1732 735 1792 graui
756 1747 910 1777 eorum
931 1731 1131 1794 periculo
1151 1730 1448 1793 motuS,quod
1461 1730 1595 1778 multi

193 1813 248 1844 ex
267 1815 322 1844 eo
343 1815 509 1854 genere
529 1796 772 1853 Christiani,
799 1795 949 1844 reliRo
972 1797 1231 1858 Euangelio,
1250 1796 1302 1843 ad
1323 1796 1594 1845 Iudaismum

193 1863 498 1920 reuertissent,
535 1865 608 1912 alii
627 1865 835 1912 labarent.
910 1863 1226 1912 Inconstantiae
1244 1876 1393 1915 autem
1412 1877 1458 1912 et
1480 1866 1595 1930 peri-

195 1934 285 1979 culi
308 1932 447 1980 cauisa
470 1950 563 1979 non
595 1943 684 1979 tam
705 1942 797 1979 erat
826 1934 871 1978 in
891 1930 1224 1986 affliffionibuS,
1265 1949 1380 1996 quae
1406 1942 1593 1998 propter
1652 1989 1657 1993 .

191 2001 489 2062 Euangelium
501 1998 640 2047 effent
659 2000 953 2065 perferendae,
966 2015 1235 2064 quamquam
1255 2000 1299 2046 in
1320 1999 1386 2046 his
1398 2015 1596 2064 quoque,

191 2085 328 2133 quam
357 2072 402 2115 in
424 2081 572 2115 vetere
591 2065 910 2119 adsuefaftione
940 2070 1191 2114 animorum
1221 2066 1276 2113 ad
1295 2065 1434 2115 Mofis
1460 2067 1596 2115 admi·

192 2141 437 2193 rationem,
470 2137 704 2183 oculorum
726 2146 878 2182 autem
897 2133 950 2180 ad
970 2151 1180 2200 pompam
1202 2133 1512 2189 sacrificiorum
1531 2145 1594 2181 at-

192 2221 286 2269 que
297 2202 522 2251 pontificis
543 2204 700 2250 summi
724 2205 952 2266 totiusque
971 2201 1213 2257 sacerdotii,
1230 2204 1305 2248 cui
1326 2203 1445 2255 nihil,
1457 2201 1594 2248 {imile

191 2282 390 2335 autpar,
433 2288 581 2334 neque
599 2273 643 2317 in
664 2269 835 2318 Christo
855 2270 971 2335 ipso,
1019 2287 1166 2334 neque
1195 2272 1311 2316 inter
1330 2266 1594 2317 Christianos

192 2341 363 2403 vspiam
385 2339 683 2403 reperiebant,
715 2355 804 2384 non
826 2340 868 2383 in
894 2335 1160 2394 dobioribus,
1184 2353 1276 2383 non
1298 2338 1342 2382 in
1356 2347 1456 2384 toto
1468 2337 1593 2384 cultu

191 2405 427 2467 religios03
493 2405 566 2452 sed
589 2407 735 2452 omnia
756 2406 931 2460 tenuia,
962 2407 1166 2459 humilia,
1205 2402 1435 2467 fimplicia,
1467 2404 1594 2451 omni

192 2474 342 2536 specie
371 2476 628 2520 incurrente
656 2476 699 2518 in
730 2472 907 2525 oculos,
953 2474 1164 2537 omnique
1194 2489 1358 2535 pompa
1388 2468 1594 2518 detrasta.

193 2543 346 2588 Huius
369 2542 503 2602 igitur
525 2541 710 2605 periculi
730 2539 1001 2604 depellendi,
1022 2542 1364 2602 animorumque
1380 2538 1593 2585 corrobo-

193 2606 433 2657 tandorum
470 2605 628 2664 causta,
685 2617 827 2656 totam
856 2607 977 2656 illam
1003 2606 1346 2675 disputationem
1373 2605 1592 2670 «suscepit,

1449 2671 1591 2721 osten·
1658 2683 1672 2714 ‘s
