1682 3068
103 195 155 244 8*
691 186 915 234 *surr

104 309 240 358 Leuia
270 305 346 356 ista
380 306 465 354 effe
497 305 755 364 didicimus,
792 311 935 373 iisque
966 306 1191 373 captandis
1213 305 1507 372 notandisque

103 393 264 445 paruas
293 376 457 422 animas
480 371 698 423 delestari.

128 468 131 472 ·
199 446 342 491 Etiam
364 445 551 508 primam
572 443 671 490 libri
693 453 874 506 partem,
892 443 935 490 h.
949 460 985 490 e.
1008 443 1173 507 septem
1195 444 1340 506 priora
1355 443 1508 506 capita,

105 514 362 561 mittemus:
401 513 446 557 in
469 509 628 574 quibus
658 511 768 558 nihil
792 509 873 568 est,
918 510 1042 573 quod
1071 514 1293 575 pertineat
1319 508 1372 555 ad
1399 525 1509 563 eam,

105 597 236 644 quam
259 577 499 626 defendere
511 577 802 642 suscepimus,
832 575 1028 626 cauisam.
1131 581 1245 624 Sunt
1263 580 1380 624 enim
1415 577 1510 623 fere

105 643 330 702 historica,
383 645 651 710 pertinentia
674 645 728 693 ad
755 649 1065 708 antiquitatem
1097 648 1324 706 Liturgiae
1354 647 1512 691 Roma·

104 732 210 769 nae,
251 725 298 762 et
314 730 493 770 eorum,
532 731 645 778 quae
673 715 746 761 hic
773 713 1093 778 proferuntur,
1142 715 1512 759 sacramentario-

104 799 231 837 rum,
282 779 335 828 ad
365 780 500 828 libros
531 781 725 845 denique
753 783 979 845 antiquOS,
1027 779 1144 828 vnde
1175 781 1282 827 haec
1313 780 1513 844 exempla

108 849 242 898 duaa
259 848 379 896 sunt:
414 866 684 914 quamquam
707 860 754 896 et
775 850 820 896 in
844 850 910 896 his
924 849 1027 896 sunt
1046 845 1326 896 coniesturae
1346 848 1514 912 piures,

107 916 164 964 de
185 915 345 982 quibus
364 917 491 963 facile
510 918 556 962 in
577 927 809 980 vtramque
829 928 1002 980 partem
1029 915 1234 980 disputes,
1254 918 1386 962 etiam
1400 931 1514 978 quae

109 984 305 1034 conuelli
353 1001 405 1031 ac
456 982 627 1032 diffolui
672 983 853 1050 poffint,
919 986 1168 1033 Muratorio
1207 983 1301 1046 ipso
1336 982 1515 1038 fatente,

111 1054 236 1117 (pag.
258 1054 361 1111 7¹·)
395 1052 507 1098 nihil
526 1054 572 1099 in
600 1054 667 1100 his
691 1055 804 1100 certi
828 1051 924 1099 effe.
994 1056 1148 1116 Itaque
1169 1053 1299 1098 etiam
1320 1066 1424 1096 cum
1446 1065 1515 1095 res

108 1119 225 1167 bene
245 1122 318 1179 agi
339 1118 533 1174 videtur,
559 1130 607 1167 vt
629 1137 735 1167 cum
756 1119 808 1166 de
824 1118 1074 1173 Gelaflano,
1104 1118 1227 1182 quod
1246 1128 1419 1173 vocant,
1444 1119 1515 1165 Sa·

110 1189 403 1236 oramentario
433 1190 504 1251 (p.
533 1205 588 1244 55
611 1187 668 1248 s.)
700 1189 907 1236 aduersus
933 1191 1016 1235 Iac.
1040 1187 1291 1252 Bashagium
1312 1185 1519 1247 disput-at,

111 1257 306 1316 origines
325 1252 449 1301 istius
470 1254 524 1301 ad
535 1254 756 1303 decimum
779 1256 970 1303 seculum
991 1253 1291 1303 retrahentem
1311 1255 1356 1300 in
1368 1250 1516 1299 Histo-

110 1326 174 1372 ria
199 1320 413 1370 Ecclesiae
441 1322 711 1370 Christianae
745 1327 837 1386 (T.
866 1327 916 1370 ΙΙ.
944 1341 988 1389 p.
1017 1325 1160 1383 946.)
1197 1332 1344 1368 tamen
1380 1321 1519 1376 multa

113 1389 201 1438 dici
219 1401 379 1437 contra
406 1389 609 1454 poliunt:
660 1393 707 1438 in
730 1391 797 1437 his
818 1390 948 1446 illud,
993 1389 1118 1454 quod
1147 1400 1296 1436 tamen
1327 1389 1519 1442 redeunt

115 1461 266 1506 emnia
289 1458 397 1512 hu'c,
442 1468 490 1504 vt
509 1457 563 1503 ad
583 1460 959 1522 interpolationes
988 1470 1034 1506 et
1061 1455 1355 1503 additamenta
1375 1453 1519 1519 poste·

112 1527 240 1573 rioris
260 1526 411 1571 aetatis
423 1524 777 1584 confugiendum
799 1523 860 1580 fit,
881 1528 926 1572 in
942 1523 1154 1572 vetustate
1170 1524 1264 1569 eius
1285 1520 1519 1570 asserenda.

115 1599 223 1651 Quo
243 1592 339 1656 ipso
359 1592 550 1651 dignitas
569 1595 793 1652 Liturgiae
813 1592 936 1638 valde
960 1593 1196 1637 minuitur:
1239 1606 1342 1636 cum
1363 1605 1414 1636 ea
1445 1605 1518 1635 res

115 1667 326 1721 magnam
359 1657 612 1706 facultatem
644 1657 740 1714 det,
782 1661 930 1706 omnia
964 1657 1068 1704 inde
1097 1653 1225 1703 dusta
1254 1668 1518 1717 argumenta

117 1723 352 1780 eludendi,
396 1735 442 1781 ct
472 1742 557 1789 pro
580 1725 999 1792 interpolationibus
1031 1724 1314 1789 repudiandi,
1357 1723 1519 1788 quibus

121 1798 171 1844 in
186 1791 452 1863 disputando
473 1810 689 1857 premare.
1086 1804 1092 1810 ‘

218 1867 375 1909 vnum
397 1859 459 1906 est
477 1871 632 1926 caput,
664 1859 720 1907 de
740 1877 828 1923 quo
843 1897 854 1917 ,
887 1861 954 1906 vel
978 1858 1170 1923 exempli
1190 1857 1342 1912 cauffa,
1365 1868 1521 1906 contra

119 1929 341 1995 disputare
370 1927 541 1985 lubeat,
594 1932 643 1975 de
669 1931 829 1993 origine
857 1930 1081 1991 Liturgine
1115 1925 1404 1988 Eucharistiae
1434 1929 1520 1973 vni-

103 1999 266 2062 verftz,
299 1993 422 2059 quod
441 1993 502 2040 est
519 1997 570 2042 in
588 1997 808 2060 principio
829 1997 988 2058 operis.
1035 1997 1091 2040 Et
1110 1996 1306 2058 primum
1327 1993 1523 2056 quidem,

121 2063 243 2131 quod
275 2062 497 2117 adfirmat,
546 2065 630 2110 iam
663 2063 715 2110 ab
738 2061 961 2126 Apostolis
987 2073 1158 2108 certum
1190 2077 1376 2123 precum
1408 2060 1523 2108 ordi·

118 2131 237 2190 nem,
248 2131 274 2179 s.
286 2132 534 2190 Liturgiam
544 2127 880 2178 Eucharisticam
891 2128 1129 2176 institutam
1144 2145 1155 2184 3
1182 2126 1212 2174 si
1222 2130 1282 2175 ita
1294 2128 1522 2183 intellexit,
1536 2124 1539 2128 ’

118 2211 166 2250 vt
184 2199 238 2246 ad
258 2199 512 2262 exemplum
534 2195 713 2254 Christi,
745 2199 867 2243 cuius
886 2197 1105 2246 auditores
1125 2197 1322 2252 fuerant,
1367 2211 1522 2259 preces

120 2277 168 2316 et
186 2266 448 2333 εύχαςις-’ἶας
466 2264 672 2320 fecerint,
714 2264 826 2312 nihil
846 2261 925 2320 est,
966 2262 1087 2328 quod
1118 2275 1272 2311 contra
1303 2262 1522 2309 dicamus:

124 2347 170 2385 at
189 2330 218 2381 si
240 2333 480 2381 formulam
501 2342 665 2379 certam
687 2349 738 2378 ac
758 2329 983 2379 definitam
1004 2333 1134 2378 certis
1156 2329 1361 2392 statisque
1381 2328 1523 2376 verbis

122 2403 356 2462 intelligit,
390 2400 528 2459 longe
551 2418 575 2446 a
592 2416 698 2447 vero
720 2399 905 2446 aberrat.
1004 2397 1230 2447 Nondum
1249 2399 1330 2444 illis
1350 2408 1524 2460 iampo-

123 2472 247 2519 ribus
266 2486 292 2515 e
310 2467 506 2515 formula
517 2471 676 2532 ‘preces
700 2463 858 2522 fatiae,
878 2482 1024 2529 neque
1042 2465 1245 2531 publice,
1270 2462 1418 2527 tieqiie
1439 2466 1525 2527 pri-

123 2540 282 2586 vatim:
333 2534 522 2581 formula
552 2545 702 2581 autem
731 2535 990 2588 Dominica,
1039 2535 1167 2582 velut
1192 2531 1523 2597 Compendium

41 2659 44 2661 Δ
125 2603 348 2670 quoddam
367 2599 622 2666 εὐχαςιςιῶν
642 2611 689 2648 et
709 2599 846 2664 εόχῶν
867 2603 1083 2655 omnium,
1114 2616 1281 2664 preces,
1310 2602 1525 2661 cuiusque

127 2672 309 2737 ingenio
329 2667 482 2725 facias,
511 2667 814 2718 concludebat.
861 2667 1043 2730 (lustin.
1065 2670 1136 2716 M.
1154 2668 1285 2733 Apol.
1308 2666 1363 2714 ad
1381 2671 1525 2741 Anto-

1433 2749 1526 2782 mn.

1654 1767 1669 2174 -ass-..a-a-*aexx--a--u-ss-a--r
1665 1759 1667 1762 .
1660 1669 1667 1753 --.-1·.
1661 1631 1667 1665 *u
1661 1577 1667 1625 Μ
1662 1533 1665 1535 ,
1663 1484 1665 1492 r

1628 2254 1646 2258 ,Λ

1662 2573 1671 2607 ..ιν-
1666 2547 1670 2560 -
1655 2178 1671 2542 Mu.
