1682 3068
199 128 298 174 224
473 126 789 160 nvmmcnsst
832 129 1088 161 Anum-1³11
1127 133 1299 163 mlet

291 251 369 293 40.
395 233 544 282 Placet
561 235 708 295 igitur,
726 236 943 297 originem
964 238 1157 301 primam
1176 234 1486 287 sacrificiorum
1508 237 1595 287 esse

124 360 132 363 ,
194 303 475 352 humanam?
534 304 648 349 Sane
678 318 770 350 non
794 302 947 360 video,
990 302 1097 368 quid
1130 304 1291 353 habeat
1319 318 1395 352 aut
1413 306 1596 365 absurdi,

191 381 272 418 aut
290 369 345 416 ad
362 370 626 430 religionem
647 369 940 426 incommodi,
974 369 1005 417 fi
1028 371 1249 428 dicamus,
1283 372 1503 422 Adamum
1521 375 1595 423 sua

191 438 352 502 sponte
373 435 597 484 instituisse
613 436 835 492 sacrificia,
879 455 972 485 non
991 440 1161 496 omnia,
1205 439 1275 487 sed
1299 439 1596 499 eucharistica,

194 516 243 552 ‘et
265 522 361 553 eam
380 507 598 553 rationem
618 506 702 552 Dei
721 504 878 551 deinde
903 503 1014 554 iussu
1044 506 1099 552 ad
1129 508 1231 554 alias
1250 509 1607 571 partesreligiom

190 575 266 624 nis
287 574 567 629 translatam,
596 584 642 619 et
662 574 792 619 nouis
812 573 1070 635 generibu8‚
1107 575 1310 638 inprimis
1332 578 1594 640 expiatoriO,

191 640 365 692 austam
387 638 495 688 effe:
541 640 612 687 sed
637 651 788 687 tamen
823 642 970 688 malim
991 643 1241 689 vniuersum
1274 658 1419 704 genus
1450 661 1482 691 a>
1506 646 1594 691 Dei

189 719 435 778 praecepto
454 718 500 755 et
515 705 710 754 instituto
731 707 932 760 deriuari.
1007 710 1224 764 Primum,
1259 711 1362 774 quia
1386 714 1510 758 Deus
1534 710 1592 757 de

191 778 265 824 die
283 774 626 841 ipseconstituit,
661 792 792 838 quam
814 790 965 822 vacare
984 791 1007 822 a
1026 777 1224 837 negotiis
1252 779 1461 841 curisque
1479 780 1595 826 vitae

190 845 435 899 humanae,
483 855 529 890 et
547 842 711 889 sacram
729 859 780 889 ac
800 842 1026 889 solennem
1048 845 1189 891 cultui
1207 844 1270 891 sui
1288 845 1443 901 vellet,
1486 862 1594 893 cum

187 913 283 965 tale
313 911 420 976 quid
448 909 704 958 hominibus
732 911 817 974 piis
851 909 949 974 ipfis
978 911 1130 957 venire
1157 915 1204 958 in
1234 922 1456 969 mentem,
1492 930 1594 978 per-

187 977 332 1047 fpesta
356 979 578 1043 aequitate
595 988 642 1025 et
660 979 864 1032 vtilitate,
904 988 950 1024 et
969 994 1075 1024 vero
1096 979 1225 1025 etiam
1246 979 1496 1027 necessitate
1524 981 1592 1027 rei

186 1049 254 1114 (ᾗ.
277 1049 372 1108 34.)
391 1044 556 1111 posset:
600 1044 727 1093 valde
747 1043 957 1092 credibile
977 1044 1063 1103 est,
1093 1062 1197 1092 eum
1221 1048 1354 1092 etiam
1376 1046 1430 1092 de
1452 1046 1591 1093 modo

187 1118 258 1166 fui*
285 1115 465 1182 publice
497 1113 698 1169 colendi,
735 1114 998 1160 nominatim
1022 1130 1105 1178 per
1131 1113 1354 1169 sacrificia,
1392 1112 1589 1160 sanxisse:

225 1183 444 1233 raesertim
464 1198 565 1228 cum
589 1179 832 1237 videamuS,
878 1179 1047 1243 postea,
1095 1180 1290 1228 Sabbatis
1311 1178 1591 1237 Iudaeorum,

186 1195 397 1315 festisque
418 1247 590 1305 diebus,
627 1251 814 1295 maxime
833 1247 1062 1294 solennem
1085 1250 1366 1295 cerimoniam
1399 1245 1520 1295 fuiss‘e
1540 1251 1590 1296 in

188 1316 417 1369 sacrificiis.
494 1320 543 1364 In
566 1332 658 1379 quo
676 1332 815 1380 porro
834 1318 956 1361 Deus
979 1315 1209 1362 consulere
1228 1315 1400 1362 homini
1426 1318 1589 1380 potuit,

188 1399 240 1435 vt
251 1396 402 1434 certus
420 1382 538 1440 esset,
561 1399 657 1429 eam
679 1384 896 1430 rationem
911 1387 1008 1429 Deo
1020 1382 1210 1447 probari,
1229 1383 1361 1447 seque
1372 1382 1592 1430 sacrificiis

187 1454 222 1504 fi
242 1453 353 1503 fides
375 1463 422 1500 et
446 1454 585 1518 pietas
604 1468 697 1497 non
721 1449 847 1507 defit,
878 1463 1056 1511 gratum
1077 1451 1118 1496 ei
1139 1448 1381 1498 faflurum:
1420 1453 1467 1498 in
1497 1466 1590 1516 quo

188 1538 399 1584 magnam
428 1530 601 1586 partem
630 1519 764 1565 animi
802 1518 1024 1580 tranquilli
1054 1516 1138 1564 effe
1164 1518 1293 1582 supra
1319 1517 1588 1565 ostendimus

202 1593 256 1657 ·§.
278 1595 351 1647 8.)
447 1591 597 1650 Atque
626 1587 756 1632 etiam
787 1583 1008 1639 Adamas,
1048 1601 1149 1631 cum
1179 1582 1288 1631 tristi
1318 1587 1588 1650 experientia

219 1653 422 1710 idiciffet,
466 1669 600 1720 quam
628 1651 926 1716 periculosum
956 1649 1083 1710 effet,
1122 1653 1170 1697 in
1197 1650 1329 1699 rebus
1350 1650 1403 1698 ad
1439 1657 1586 1699 Deum

185 1721 543 1794 pertinentibus,
582 1719 803 1767 iudiciumv
830 1718 954 1766 suum
979 1722 1151 1783 potiuS,
1195 1736 1326 1783 quam
1354 1717 1482 1784 ipsius
1500 1721 1587 1767 Dei

165 1793 333 1858 sequi,
380 1792 450 1836 vix
477 1786 654 1836 videtur
683 1789 730 1834 in
759 1787 980 1848 religione
1000 1784 1161 1849 aliquid
1182 1785 1254 1834 sua
1283 1787 1438 1851 sponte
1470 1785 1587 1834 insti-

186 1872 320 1910 tuere
338 1858 465 1905 ausus
483 1853 579 1911 effe,
599 1853 671 1901 sed
690 1855 836 1902 omnia
856 1853 909 1900 ad
927 1854 1204 1901 voluntatem
1226 1865 1272 1900 et
1291 1865 1587 1920 praeceptum

187 1928 395 1976 diuinum
428 1921 646 1972 retulifl'ex
714 1921 836 1987 quod
872 1923 911 1967 ei
943 1920 1104 1968 licebat
1130 1932 1256 1968 tanto
1293 1923 1448 1969 maiori
1482 1938 1587 1970 cum

186 1994 351 2044 fiducia
369 1995 535 2047 facere,
577 2001 711 2054 atque
731 1986 979 2053 expestare‚
1013 1988 1120 2035 dum
1140 1993 1263 2036 Deus
1283 1988 1442 2053 aliquid
1462 2006 1587 2055 prae·

171 2067 379 2130 ciperet,
418 2077 524 2109 cum
552 2056 629 2106 fibi
655 2059 734 2105 alin
765 2060 852 2105 iam
882 2074 906 2104 a
928 2061 1029 2105 Deo
1057 2056 1322 2123 praescripta
1354 2067 1401 2104 et
1428 2056 1587 2105 tradita

187 2131 331 2181 sciret.

227 2311 231 2315 .
288 2280 369 2328 41.
397 2267 574 2312 Praeter
589 2258 824 2309 Sabbatum
848 2269 894 2305 et
919 2256 1120 2305 sacrificia
1140 2255 1247 2306 nihil
1267 2253 1339 2314 est,
1372 2256 1493 2322 quod
1508 2271 1586 2307 'an-

184 2344 234 2382 te
253 2331 467 2380 diluuium
490 2329 775 2377 Noachicum
797 2345 822 2373 a
841 2330 941 2372 Deo
964 2326 1196 2385 religionis
1215 2324 1355 2372 caussa
1374 2324 1586 2372 constitu·

184 2413 287 2448 tum
307 2401 505 2448 sciamuS.
567 2396 652 2444 Sed
672 2396 865 2442 Noacho
882 2395 948 2440 lex
967 2393 1066 2439 data
1085 2391 1146 2438 est
1166 2398 1215 2440 de
1232 2392 1585 2459 abstinentiafhn-

179 2470 332 2535 guinis,
369 2467 474 2515 Gen.
490 2467 570 2522 IX,
590 2479 633 2525 4,
653 2477 785 2528 quam
804 2477 895 2508 non
915 2459 1000 2506 effe
1019 2462 1124 2507 iuris
1145 2462 1350 2507 naturalis
1371 2475 1421 2507 ac
1440 2460 1583 2507 neces·

183 2536 295 2591 sarii,
329 2532 406 2581 sed
427 2533 677 2585 voluntarii,
708 2532 854 2594 quiuis
872 2528 1092 2589 intelligit.
1123 2531 1206 2581 ¹Ea
1227 2529 1296 2574 lex
1314 2543 1585 2592 quamquam

182 2603 325 2652 ciuilis
332 2603 486 2668 potius
507 2597 580 2656 est,
610 2613 743 2664 quam
767 2597 895 2651 sacra,
929 2596 1156 2660 ciuilisque
1175 2597 1314 2657 magis
1332 2593 1582 2652 securitatis,

366 2679 370 2706 ἵ
1448 2678 1582 2726 quam
