1682 3068
174 151 272 200 290
479 150 765 184 VINDICIAE
810 152 1066 183 Anum-1111
1104 152 1276 185 mvnu

175 258 315 307 bitem
329 293 341 314 ,
383 261 427 305 in
446 257 600 322 legibus
622 261 670 304 de
689 259 915 323 difirimt‘ne
931 261 1138 316 ciborum,
1177 256 1300 305 fuisse
1317 254 1371 303 de
1392 255 1575 305 consilio

178 327 352 380 diuin0,
397 326 649 388 disciplinam
671 325 857 390 aliquam
882 330 1154 389 cupiditatum
1172 326 1500 389 castigandarum
1527 337 1575 373 et

174 394 551 458 rtffrenandarum‚
595 404 684 457 per⁸
702 393 998 442 necessitatem
1026 392 1270 440 abstinendi
1287 391 1342 440 ab
1371 390 1480 439 cibis
1511 395 1578 448 iis,

176 460 341 527 quibus
370 461 439 507 alii
467 463 625 525 populi
651 459 996 516 delestarentur3
1042 460 1177 523 idque
1203 463 1350 507 innuit
1377 460 1578 523 Iofiphus

175 533 203 579 l.
224 547 254 577 c.
355 531 409 574 Et
431 528 532 575 sunt
559 529 697 575 multa
724 529 828 585 alia,
869 546 979 593 quae
999 528 1087 575 dici
1107 531 1153 574 in
1174 529 1289 575 hanc
1315 527 1576 574 sententiam

171 594 374 664 possunt:
415 595 486 642 sed
509 594 667 643 modus
688 595 963 644 adhibendus
982 594 1066 651 est3
1131 606 1176 642 et
1191 597 1256 642 via
1274 611 1357 659 per
1385 595 1495 642 haec
1522 592 1579 640 ad

176 663 478 724 indagandum
511 661 570 710 est
607 662 830 728 patefaosta.
931 668 1141 712 Ceterum
1171 661 1200 710 si
1227 679 1322 711 non
1355 661 1500 727 potest
1529 664 1579 709 in

178 730 390 780 omnibus
419 733 515 778 talis
533 731 672 794 aliqua
690 732 754 778 vis
787 732 981 792 indagari
1010 742 1058 777 et
1084 731 1307 795 explicari,
1352 745 1447 776 non
1478 745 1581 794 pro-

177 812 335 867 pterea
355 799 464 849 nihil
485 797 739 845 huiusmodi
758 799 807 846 in
828 802 878 846 iis
899 796 1023 846 fuisse
1043 797 1328 846 iudicandum
1347 798 1421 852 est,
1456 792 1580 861 quod

181 866 288 915 effer
306 866 474 913 salubre
491 866 691 920 homini,
729 866 966 928 gloriosum
988 870 1103 915 Deo.
1185 867 1368 912 Etenim
1395 880 1489 930 npn
1517 860 1582 910 est

177 938 357 986 mirum,
394 932 424 981 fi
447 950 539 990 nos,
571 944 662 980 tam
683 934 818 995 longe
839 934 891 982 ab
911 937 960 982 iis
979 932 1260 997 temporibus
1279 933 1456 985 remoti,
1485 931 1581 994 qui·

177 1002 263 1050 bus
295 1001 411 1049 illius
441 1001 542 1047 disci
580 1002 694 1048 linae
723 1020 823 1050 vera
853 1004 966 1050 ratio
997 1014 1189 1049 etvetus
1208 999 1304 1047 vsus
1334 1009 1382 1045 et
1404 999 1581 1062 perspe-

179 1068 277 1119 Elus
314 1081 408 1117 erat
434 1018 758 1132 Probrarum
798 1069 1057 1124 traditione,
1126 1079 1174 1115 et
1214 1064 1581 1130 frequentabatur

178 1139 327 1197 vulgo,
355 1154 407 1183 ea
426 1138 698 1197 ignoramus,
731 1147 777 1183 et
803 1136 947 1195 nostra
967 1138 1125 1201 sponte
1144 1134 1350 1196 indagare
1369 1150 1462 1180 non
1478 1132 1581 1196 pos·

177 1207 351 1258 sumus,
406 1220 507 1250 cum
541 1205 673 1251 etiam
702 1202 858 1252 Christi
882 1202 1162 1269 temporibus
1190 1203 1400 1267 perpauci
1429 1199 1582 1256 essent,

178 1275 257 1337 qui
289 1274 506 1319 maiorum
532 1287 682 1318 rerum
710 1289 858 1319 veram
888 1275 1111 1319 rationem
1139 1280 1187 1317 et
1213 1269 1486 1329 legitimum,
1527 1267 1582 1314 de

180 1338 365 1387 consilio
385 1340 493 1392 Dei,
536 1338 657 1385 vsum
683 1349 902 1387 tenerent.
979 1341 1036 1384 Et
1055 1339 1156 1385 sunt
1172 1333 1345 1383 fortasse
1365 1333 1582 1398 quaedam

179 1410 229 1456 in
260 1408 330 1453 his
356 1405 502 1453 similia
522 1405 825 1453 Parabolarum
848 1406 1213 1467 Euangelicarum
1239 1401 1506 1470 πεξις-οίσεσι
1536 1411 1583 1449 et

185 1476 368 1522 minutis
390 1473 586 1538 partibus
600 1511 610 1530 ,
654 1491 766 1539 quae
795 1490 886 1521 non
919 1476 1143 1538 propriam
1163 1469 1347 1519 caussam
1365 1483 1440 1517 aut
1458 1470 1584 1530 signi·

181 1541 241 1589 fic
283 1543 439 1603 sonem
462 1535 637 1597 habent,
666 1540 738 1588 sed
760 1541 982 1605 explendo
1006 1540 1240 1587 parabolae
1255 1536 1374 1602 quasi
1402 1538 1582 1602 corpori

182 1552 403 1663 ἷειὲιιητς
449 1611 494 1654 in
514 1607 672 1671 quibus
703 1607 732 1654 si
752 1611 847 1672 quis
875 1610 1106 1672 proprium
1134 1603 1311 1669 aliquod
1331 1606 1417 1651 Dei
1446 1602 1583 1651 confi·

181 1678 292 1727 lium
315 1675 368 1723 ad
387 1675 656 1739 disciplinam
675 1677 809 1722 talem
829 1678 1058 1738 pertinens
1079 1673 1292 1733 indagare
1309 1672 1439 1726 velit,
1459 1688 1585 1732 argu·

181 1746 262 1791 tias
284 1745 409 1790 citius
444 1759 601 1806 parum
631 1741 881 1805 probabiles
900 1743 1139 1806 exprimat,
1184 1757 1316 1804 quam
1348 1741 1583 1787 veritatem

181 1813 395 1874 reperiat,
432 1808 553 1872 quod
577 1810 745 1858 Philoni
768 1820 815 1857 et
842 1810 934 1857 aliis
957 1809 1214 1870 allegoricae
1232 1807 1415 1855 rationis
1434 1807 1584 1854 amicis

183 1879 311 1943 saepe
330 1875 499 1924 accidit.

294 1961 399 1991 101.
432 1942 543 1991 Illud
565 1953 711 1991 autem
732 1946 959 2009 praeteriri
980 1960 1074 1991 non
1095 1941 1240 1999 debet,
1258 1940 1380 2006 quod
1397 1943 1584 1988 maxime

183 2013 383 2079 pertinet
410 2011 463 2058 ad
493 2011 800 2075 disputationis
830 2009 1000 2058 nostrae
1028 2008 1285 2059 consilium:
1337 2007 1585 2072 disciplinae
1666 2054 1671 2061 .

182 2082 282 2128 talis
303 2078 380 2126 etfi
403 2096 494 2126 non
516 2096 566 2126 ea
589 2078 812 2126 neceffitas
834 2079 979 2134 fuerit,
998 2089 1045 2127 vt
1062 2084 1148 2126 fine
1167 2094 1216 2124 ea
1237 2075 1289 2124 ad
1308 2077 1588 2138 religionem,

183 2147 321 2195 fidem
335 2183 346 2203 ‚
385 2148 703 2210 poenitentiam
723 2158 828 2203 cet.,
871 2146 1028 2194 adduci
1049 2145 1252 2192 homines
1274 2159 1367 2190 non
1402 2141 1586 2207 possent,

186 2226 263 2262 aut
283 2225 330 2261 vt
349 2214 428 2261 alia
445 2211 532 2260 effe
560 2231 652 2270 non
679 2214 845 2278 posset;
885 2225 1038 2261 tamen
1070 2229 1172 2260 cum
1202 2215 1304 2258 Deo
1331 2209 1499 2276 salubre
1531 2209 1587 2257 ad

186 2278 368 2329 consilia
394 2282 464 2328 sua
485 2281 621 2328 visum
645 2280 769 2338 esset,
819 2283 1081 2328 cerimonias
1106 2279 1214 2327 tales
1233 2296 1284 2326 ac
1314 2294 1463 2324 mores
1493 2278 1585 2324 san·

186 2351 276 2396 cire
296 2350 333 2412 §.
354 2356 428 2406 96.
456 2348 667 2395 summam
690 2348 989 2396 salubritatem
1009 2345 1152 2403 fuisse,
1183 2361 1367 2408 eamque
1386 2345 1445 2392 ob
1465 2343 1585 2391 caus-

185 2416 274 2464 sam
294 2414 556 2462 laudandam
577 2415 661 2463 effe
680 2431 726 2463 et
743 2416 996 2480 sapientiam
1017 2414 1221 2470 diuinam,
1250 2426 1360 2476 quae
1379 2429 1450 2459 eas
1471 2412 1584 2459 sum-

186 2499 288 2529 mae
304 2484 531 2543 religionis
555 2485 612 2530 ita
629 2486 853 2548 aptatum-it,
887 2494 932 2529 et
957 2482 1207 2538 bonitatem,
1238 2496 1351 2544 quae
1367 2495 1448 2542 per
1467 2479 1587 2525 hanc

191 2549 458 2612 disciplinam
478 2550 613 2597 talem
642 2551 849 2597 adiuuare
876 2552 1085 2597 homines
1115 2551 1159 2595 in
1180 2548 1305 2594 omni
1324 2556 1462 2611 >parte
1482 2545 1580 2591 reli·

185 2617 357 2679 gionis,
400 2627 445 2663 et
473 2616 830 2668 consuefastione
851 2617 1037 2683 quadam
1061 2616 1118 2676 ad>
1141 2614 1275 2662 fidem
1294 2623 1343 2660 et
1369 2614 1586 2726 pietatgm
1612 2625 1616 2627 ’

228 2700 231 2702 ’
1447 2679 1502 2727 ad
1534 2693 1582 2728 u·-

943 2770 966 2799 Ι
