1682 3068
172 130 268 175 244
476 126 765 158 VlunxclAss
800 122 1056 159 Annlrnu
1090 128 1276 161 nlvnu

167 235 287 282 neris
308 234 503 287 humani,
523 249 655 296 quam
679 232 911 298 οἰκρνομίοιν
930 235 1101 281 Paullus
1118 249 1277 282 vocare
1296 233 1416 290 solet,
1445 243 1564 286 πλεῖ·

167 322 241 351 τον
257 300 453 368 χάριτος,
486 300 802 358 πολυποίκιλον
826 300 1003 366 σοφίαν,
1022 306 1202 350 Δαι’ωίτὶω·
1222 306 1498 366 benignitatis,
1523 313 1566 351 et

166 372 425 432 multiplicem
433 370 690 433 sapientiam
714 369 842 432 (pr.
873 373 917 425 I,
936 382 979 432 7·
999 373 1032 417 I
1031 372 1068 424 Ι,
1086 386 1130 428 7.
1150 371 1248 423 III,
1276 385 1349 417 10.
1385 373 1476 430 etc.)
1494 371 1566 417 de·

166 434 414 485 monstrare
455 435 735 494 hominibus;
782 454 888 501 quas
916 436 1027 484 adeo
1058 441 1277 484 conuenit
1307 436 1491 487 scrutari
1522 446 1570 484 et

166 504 418 566 agnoscere.
486 502 570 550 Sed
587 503 724 553 altera
747 505 858 552 ratio
885 515 982 552 tota
1014 503 1076 552 est
1101 504 1229 552 fallax
1255 514 1304 550 et
1323 505 1567 566 nugatoria,

170 584 220 621 vt
239 575 395 638 paucis
427 569 700 618 docebimus.

267 651 346 701 58.
382 641 577 686 Primum
605 641 758 700 igitur,
791 640 870 703 qui
898 649 951 686 tu
979 655 1027 685 es
1060 639 1222 694 homo,
1256 655 1370 702 quae
1397 638 1569 699 ingenii

166 709 239 756 tui
258 711 334 764 vis,
350 708 427 773 qui
442 705 617 764 audeas,
645 707 912 754 ratiunculis*
931 705 1197 769 quibusdam
1217 707 1304 753 tuis
1324 705 1475 758 fretus,
1497 705 1570 752 de-

167 791 372 830 cernere,
404 773 510 838 quid
535 777 581 821 in
610 790 798 838 quaque,
829 771 919 820 flue
946 776 992 820 in
1021 775 1121 830 tali,
1149 786 1240 821 tam
1267 776 1390 834 graui
1420 770 1571 827 caussa,

166 841 343 892 bonitas
360 852 406 896 ,et
432 842 640 906 sapientia
669 840 815 887 diuina
835 837 1059 897 defideret,
1091 854 1140 888 vt
1168 852 1261 887 tam
1289 838 1572 887 confidenter

165 911 450 976 pronuncies,
484 908 594 972 quid
615 919 661 955 et
694 925 828 971 quare
845 911 967 955 Deus
986 907 1149 962 feeerit,
1179 908 1322 955 facere
1341 907 1573 954 debuerit?

167 994 272 1026 curn
291 993 348 1023 ne
371 978 519 1037 angeli
540 975 720 1039 quidem
741 973 783 1021 id
801 974 947 1021 videre
972 975 1015 1021 se
1041 986 1219 1040 putent,
1249 985 1296 1021 et
1314 976 1359 1020 in
1378 975 1449 1021 illa
1470 976 1572 1028 salu-

168 1047 227 1093 tis
248 1045 466 1092 humanae
487 1041 628 1090 cauffa
645 1041 870 1088 viderint?
886 1042 971 1090 Sed
982 1040 1032 1089 lit
1049 1042 1211 1106 aliquid
1223 1058 1315 1088 non
1327 1040 1571 1089 abhorrens

166 1130 196 1159 a
210 1111 502 1173 benignitatis
525 1109 699 1157 diuinae
720 1109 1039 1170 magnitudine.
1103 1116 1177 1157 An
1197 1121 1576 1175 propterea-con·

164 1180 351 1244 sequens
376 1177 448 1230 est,
477 1189 524 1224 vt
545 1177 588 1223 id
607 1177 733 1225 faciat
754 1181 876 1223 Deus
905 1177 1162 1240 feceritque.
1231 1181 1334 1224 Nec
1359 1174 1571 1223 abhorre-

167 1247 244 1302 bat
264 1246 317 1294 ab
336 1264 398 1302 ea,
426 1256 472 1292 te
494 1245 697 1292 subtilem
724 1244 1044 1310 disputatorem
1066 1242 1255 1305 efficere.
1324 1247 1469 1291 Immo
1490 1244 1572 1290 alia

170 1317 210 1361 ei
230 1331 324 1361 non
347 1315 493 1360 minus
517 1324 646 1377 atque
663 1310 774 1359 adeo
794 1315 933 1373 magis
961 1311 1254 1359 consentanea
1273 1309 1358 1357 esl'e
1380 1308 1572 1374 possunt·

171 1383 262 1438 Qui
282 1392 333 1428 tu
354 1380 518 1445 assequi
538 1382 759 1435 rationem
786 1379 945 1444 speres,
973 1390 1163 1444 propter
1180 1395 1312 1444 quam
1331 1379 1460 1429 Deus
1484 1379 1573 1434 boc

169 1451 338 1514 potius,
373 1465 504 1513 quam
535 1458 694 1503 cetera,
729 1464 841 1510 quae
869 1458 920 1494 tu
949 1450 1079 1494 etiam
1110 1449 1303 1507 ignoras,
1336 1447 1485 1495 omnia
1515 1445 1573 1492 fa-

170 1515 322 1564 stui-us
341 1521 390 1563 {it
409 1516 689 1580 feceritque?
719 1517 1137 1578 Decreueritporro
1157 1512 1322 1577 aliquid
1347 1519 1480 1565 DeuS,
1501 1515 1579 1565 in:

170 1582 372 1638 stituerit‚
403 1583 573 1630 fecerit.
639 1585 762 1629 Bene
791 1578 863 1635 est,
895 1581 1091 1639 benigne
1118 1592 1164 1627 et
1191 1581 1407 1644 sapienter
1426 1577 1575 1626 fecisse

173 1652 377 1698 fatemur.
446 1650 530 1697 Sed
551 1665 605 1696 an
627 1652 864 1712 propterea
887 1646 1120 1696 necessario
1142 1650 1336 1711 primum
1359 1648 1477 1701 fecit,
1497 1646 1573 1693 de·

175 1719 349 1766 creuit?
385 1716 548 1763 deinde
582 1717 672 1763 hoc
690 1715 808 1770 fecit,
839 1715 930 1761 hoc
957 1714 1185 1762 decreuit?
1216 1720 1289 1762 An
1319 1715 1476 1776 aliquis
1499 1731 1573 1760 au·

178 1786 278 1834 (leat
299 1783 459 1840 dicere,
499 1784 611 1830 nihil
631 1782 744 1828 aliud
765 1780 914 1829 vidisse
934 1785 1098 1838 Deum,
1129 1784 1177 1829 in
1207 1800 1298 1846 quo
1319 1780 1460 1845 posset
1480 1796 1574 1828 non

175 1857 323 1901 minus
355 1850 552 1912 benigne
581 1863 628 1897 et
655 1850 872 1923 sapienter
900 1849 1081 1896 facere?
1115 1866 1219 1897 cum
1247 1850 1456 1897 homines
1479 1849 1574 1911 pos·

174 1920 262 1969 sint
290 1918 454 1976 videre,
485 1919 684 1971 videant,
720 1915 990 1980 diuerfisque
1018 1918 1146 1980 saepe
1170 1919 1272 1974 viis,
1301 1934 1391 1980 quo
1423 1916 1575 1982 velint,

154 2038 163 2041 ,
173 1991 272 2053 pari
292 1987 634 2051 opportunitate
660 1994 706 2030 et
724 1986 953 2031 celeritate
969 1986 1246 2048 perueniant,
1277 1980 1455 2030 diuersis
1474 1983 1574 2028 arti·

176 2055 258 2104 bus
291 2054 410 2101 idem
439 2051 661 2100 efficiant?
703 2057 889 2108 Quanto
922 2050 1174 2107 modestius,
1203 2062 1252 2099 et
1278 2050 1332 2098 ad
1362 2053 1574 2116 pietatem

174 2124 584 2184 reueoenffiamque,
614 2136 745 2184 quam
780 2123 878 2166 Deo
910 2120 1146 2175 debemus,
1179 2121 1345 2183 aptius,
1378 2117 1573 2181 denique

173 2190 381 2239 aduersus
401 2188 724 2249 benignitatem
734 2189 818 2233 Dei
838 2189 1003 2248 gratius
1025 2186 1095 2243 est,
1114 2186 1352 2247 agnoscere
1371 2185 1574 2231 diuinum

175 2261 222 2306 in
241 2269 340 2305 tota
368 2259 542 2305 ratione
570 2269 615 2303 et
643 2257 907 2302 oeconomia
936 2265 1159 2318 reparatae
1178 2253 1324 2302 salutis
1354 2254 1573 2300 humanae

174 2324 424 2378 arbitrium,
450 2323 658 2370 omnibus
684 2322 766 2368 illis
797 2321 981 2367 vinculis.
1010 2320 1215 2373 liberum,
1248 2338 1360 2385 quae
1389 2321 1429 2366 ei
1458 2320 1570 2366 ratio

174 2394 370 2440 humana
393 2392 575 2452 argutiis
598 2390 678 2436 suis
706 2390 882 2435 iniicere
908 2399 1107 2443 conatur,
1142 2400 1188 2436 et
1207 2391 1263 2434 ita
1284 2385 1490 2435 beneficii
1509 2384 1571 2431 di-

174 2461 268 2508 uini
296 2458 645 2518 magnitudinem
685 2473 860 2515 augere.
942 2453 1014 2502 Est
1049 2458 1171 2502 enim
1202 2456 1291 2503 hoc
1316 2453 1491 2501 infiturn
1524 2454 1570 2497 in

174 2529 331 2573 animis
355 2523 522 2580 nostris,
556 2535 614 2579 vt,
645 2535 814 2586 quanto
837 2525 934 2587 quis
953 2521 1132 2569 liberior
1153 2522 1286 2569 fuerit
1309 2524 1352 2568 in
1373 2519 1569 2567 tribuen-

172 2594 232 2642 do
250 2590 483 2649 beneficio,
514 2590 769 2656 praesertim
788 2596 969 2652 magnog
995 2600 1123 2636 tanto
1141 2592 1281 2637 maius
1303 2585 1570 2634 beneficium

1345 2665 1568 2720 putemus,
