1682 3068
207 99 324 157 ‘236
493 116 498 126 ³
529 114 813 146 vmmcIAE
852 116 1105 147 Mam-run
1148 117 1331 149 mvnu

222 218 441 282 suumque
468 234 659 275 nomen,
698 238 792 269 non
818 218 1057 270 sufficiebat
1090 222 1334 285 baptismus
1362 222 1631 281 in'Meffiam

223 302 330 332 mox
351 297 671 344 venturum5vt
692 306 782 336 non
808 288 1040 338 suffecerat
1062 291 1212 354 paullo
1231 301 1332 339 ante
1353 291 1630 346 circumcisio

222 359 272 400 in
301 353 522 412 futurum,
567 355 639 402 sed
663 356 851 405 debebat
875 356 969 404 fieri
998 360 1043 405 in
1065 356 1294 414 Meffiam,
1332 361 1408 422 qui
1437 359 1630 419 venisset,
1681 360 1682 384 ³

222 420 433 484 credique
454 433 502 468 et
536 423 804 486 profeffione
823 426 1049 481 declarari,
1087 442 1190 472 eum
1213 425 1298 472 esse
1318 426 1460 477 Iesum
1484 432 1626 475 Naza-

218 505 380 536 renum
394 525 405 547 ‚
440 492 485 537 in
505 495 636 538 cruce
654 510 738 557 pro
758 493 885 540 nobis
907 505 1136 541 mortuum
1150 530 1161 549 ,
1191 505 1237 540 et
1256 496 1301 540 in
1322 495 1473 542 coelos
1493 493 1628 544 subla-

218 568 333 604 tum.
401 560 567 623 Itaque,
591 571 637 606 vt
655 564 828 608 Ioannis
847 575 1054 624 tempore
1075 579 1167 608 non
1188 559 1427 609 sufficiebat
1440 565 1626 610 circum-

219 622 340 680 cifio,
375 641 490 689 quae
509 626 703 693 suscepta
725 640 817 675 erat
836 631 880 675 in
901 628 1099 676 Messian]
1122 645 1398 693 quocunque
1417 641 1624 693 tempore

216 702 471 750 venturum,
506 693 576 741 sed
598 694 833 761 baptismus
856 695 1009 761 suscipi
1031 695 1221 743 debebat
1242 699 1376 744 etiam
1394 715 1417 744 a
1439 701 1625 747 circum-

217 757 337 817 cifis,
373 763 450 822 qui
470 760 688 810 institutus
711 775 805 811 erat
823 764 1038 812 diuinitus
1065 763 1118 811 ad
1149 766 1355 811 homines
1382 782 1488 812 rnox
1517 782 1622 813 ven·

213 838 320 874 turo
339 828 520 876 Meffiae
539 847 681 893 regno
702 832 1049 896 praeparandos?
1091 830 1148 879 fic
1177 844 1279 885 tum
1307 834 1356 890 iic,
1400 835 1477 896 qui
1496 837 1623 880 Ioan-

213 911 302 942 neo
345 894 560 960 baptismo
594 896 653 945 vsi
683 899 879 954 fuerant,
951 899 1171 946 debebant
1215 917 1359 960 regno
1405 902 1621 964 praesenti

211 960 371 1027 Christi
395 980 477 1028 per
496 982 666 1014 nouum
686 966 951 1032 baptismum
974 969 1147 1016 initiari.
1177 968 1181 972 ’
1218 973 1386 1030 Neque
1401 971 1518 1014 enim
1540 968 1621 1015 suf·

210 1028 388 1077 ficiebat
420 1031 475 1078 ad
501 1033 706 1091 salutem,
772 1034 951 1082 credere
980 1034 1178 1082 Meffiam
1221 1052 1323 1081 mox
1367 1047 1619 1083 venturum.

209 1100 461 1146 Matthaeus·
495 1104 612 1160 (III,
648 1100 717 1164 ς.)
752 1102 906 1155 tradit,
950 1119 1043 1148 non
1072 1103 1212 1149 modo
1240 1108 1382 1150 vrbem
1414 1102 1619 1165 Hierqsb-

209 1167 452 1230 lymitanam
481 1167 665 1216 effusam
692 1168 776 1216 effe
802 1169 856 1216 ad
891 1170 1022 1216 illum
1047 1169 1310 1234 baptismum
1343 1170 1618 1227 obeundum,

208 1232 283 1279 sed
307 1235 437 1280 etiam
459 1238 651 1283 Iudaeam
671 1238 930 1297 vniuerlbm,
963 1246 1004 1283 et
1024 1255 1178 1285 omnem
1202 1241 1461 1285 Iordanicam
1479 1255 1615 1285 oram.

207 1303 263 1346 In
285 1301 353 1347 his
374 1318 504 1365 quam
525 1305 696 1350 multos
716 1303 864 1358 fuisse,
905 1304 1117 1352 credibile
1138 1304 1220 1362 est,
1263 1308 1339 1368 qui
1358 1305 1500 1351 Iesum
1521 1322 1616 1352 non

206 1367 502 1428 agnoscerent
520 1388 648 1426 eum,
682 1389 814 1436 quem
838 1389 941 1421 mox
959 1383 1196 1420 venturum
1222 1370 1513 1427 credidiffent‚
1546 1371 1618 1418 sed

205 1434 516 1500 repudiarent,
549 1451 596 1485 et
615 1440 830 1504 supplicio
850 1443 943 1486 eius
965 1455 1066 1487 curn
1089 1442 1218 1487 Saul'o
1241 1441 1478 1486 fauerent‘?
1526 1442 1631 1505 His·

203 1505 342 1563 igitur
355 1521 449 1551 non
468 1508 608 1566 magis
630 1507 839 1570 proderat
858 1505 1068 1571 posthaec
1086 1508 1428 1574 illebaptismuS,
1447 1504 1614 1553 etiamsi

202 1573 310 1618 'vero
330 1575 478 1619 animo
510 1575 731 1637 susceptus
761 1588 908 1629 antea,
945 1591 1076 1636 quam
1099 1573 1382 1622 circumcisio.
1484 1573 1614 1620 Vnde

200 1637 275 1691 fit,
317 1650 365 1685 vt
393 1640 630 1691 necessario
666 1641 719 1687 ab
752 1641 907 1688 iisdem
948 1643 1157 1689 omnibus
1178 1640 1336 1689 christi
1367 1640 1612 1704 baptismus

201 1705 517 1770 susciperetur,
558 1708 668 1753 salua
689 1708 863 1769 pristina
885 1718 931 1754 et
953 1708 1318 1762 circumcisionis,
1365 1720 1410 1755 et
1427 1710 1610 1756 loan‘nei

199 1772 406 1837 baptismi
426 1776 480 1820 vi.
558 1775 693 1829 Quod
716 1776 1015 1838 etiam'colligi
1039 1776 1183 1841 potest
1204 1795 1256 1823 ex
1278 1793 1356 1831 eo,
1388 1775 1508 1839 quod
1529 1781 1607 1823 Pe-

198 1851 316 1897 trus’,
356 1858 459 1887 cum
481 1845 605 1902 graui
623 1844 698 1889 illa
720 1848 964 1899 concione,
1006 1847 1133 1891 cuius
1154 1846 1322 1892 summa
1353 1843 1549 1890 refertur
1580 1861 1606 1891 a

198 1912 321 1956 Luca
351 1908 444 1956 Aff.
463 1903 528 1955 Il.
559 1910 870 1958 commonisset
900 1909 1103 1958 omnium
1131 1914 1324 1967 animoS,
1359 1913 1606 1970 interroga·
1666 1942 1670 1946 -

195 1987 362 2040 tusque
379 1974 514 2030 esset-,-
537 1977 642 2041 quid
659 1978 704 2024 se
721 1978 866 2025 facere
883 1979 1040 2033 vellet,
1069 1977 1325 2043 simpliciter
1342 1979 1602 2043 respondet:

197 2040 508 2102 βαπτισθήτω
527 2042 688 2101 ἕως-ος
709 2047 780 2097 ἐπὶ
803 2045 1067 2112 &eduma
1098 2051 1129 2094 1.
1152 2052 1201 2094 Χ.
1302 2050 1416 2093 Non
1440 2048 1602 2113 excipit

198 2129 297 2166 eos,
341 2114 417 2176 qui
441 2110 638 2159 Ionnneo
668 2114 883 2178 baptismo
904 2114 960 2161 vfi
990 2113 1148 2172 essent,
1191 2112 1367 2178 quiesse
1389 2124 1601 2178 poterant

194 2182 242 2226 in
260 2190 381 2226 tanta
402 2179 699 2238 multitudine,
722 2181 795 2228 sed
816 2199 970 2229 omnes
993 2180 1084 2228 fine
1103 2183 1364 2246 exceptione
1385 2181 1599 2245 suscipere

193 2246 461 2310 baptismum
481 2248 603 2294 iubet
624 2250 670 2296 in
690 2267 856 2297 nomen
877 2254 905 2296 Ι.
921 2255 966 2297 C.
1003 2256 1153 2314 Atque
1176 2253 1234 2298 ita
1254 2248 1310 2296 vsi
1327 2248 1431 2297 sunt
1443 2246 1599 2296 Christi

194 2314 413 2378 baptismo
435 2316 500 2370 hi,
529 2315 584 2362 de
602 2317 761 2380 quibus
781 2317 842 2363 est
864 2322 907 2365 in
928 2319 1006 2364 illo
1027 2317 1316 2365 controuerso
1329 2321 1471 2363 Lucae
1493 2317 1597 2362 loco

193 2383 353 2428 sermo.
421 2385 556 2439 Nam,
585 2400 685 2431 cum
706 2384 929 2443 audissent,
960 2390 1201 2432 Ioanneum
1221 2383 1480 2449 baptismum
1501 2384 1596 2446 qui-

195 2450 298 2495 dem
319 2460 366 2496 et
394 2449 536 2512 ipsum
564 2452 618 2497 ad
639 2451 862 2500 Christum*
889 2451 1165 2518 pertinuisse,
1202 2453 1274 2500 sed
1305 2459 1408 2499 m'ox
1431 2447 1594 2496 affutu-

190 2533 315 2571 rum,
367 2534 489 2563 nunc
521 2531 672 2566 autem
699 2539 728 2567 e
757 2535 996 2585 praecepto
1026 2519 1182 2567 Christi
1213 2519 1475 2583 baptismum
1506 2514 1594 2564 effe

191 2583 515 2650 suscipiendum
536 2589 583 2633 in
606 2604 775 2636 nomen
794 2590 891 2637 Iesu
911 2590 1146 2644 Nazareni,
1167 2598 1304 2652 atque
1322 2588 1379 2634 ita
1401 2585 1440 2631 se
1461 2588 1594 2632 etiam

1437 2662 1591 2700 ventu-
