1682 3068
211 165 313 226 426
517 178 596 210 An
629 164 660 209 Ῑ.
695 178 828 210 con.
858 178 978 210 xxv.
1033 180 1108 211 m:
1144 180 1312 211 nouo

213 291 270 336 In
292 287 382 341 his,
415 285 586 333 clarum
605 283 686 342 est,
721 286 891 344 vltima‚
923 285 1008 334 effe
1028 304 1054 334 e
1080 304 1098 334 1
1129 289 1483 344 CorvXIVsnG.
1513 289 1616 341 ὅταν
1681 299 1682 327 3

214 352 519 420 συνέξχησθε,
567 352 728 408 ἕκαστος
755 351 874 416 &miv
899 350 1089 419 ψαλμὸν
1119 355 1227 417 ἔχει,
1272 355 1494 419 γλῶσσαν
1511 358 1616 420 ἔχει,

212 418 399 483 didaz&
418 423 529 484 ἔχει,
563 418 862 486 ἀποκάλυψιν
881 422 992 484 ἔχει,
1028 421 1243 488 ἑρμηνείαν
1263 423 1374 487 ἔχει,
1410 441 1506 472 non
1524 445 1616 474 ver·

212 492 325 539 bum
342 491 398 538 de'
420 489 555 537 verbo
577 490 884 556 exprimendo,
926 491 996 538 sed
1018 492 1300 548 sententiam,
1341 508 1443 540 cum
1475 495 1615 558 aliqua

211 574 366 609 tamen
388 562 608 606 varietate.
677 561 796 605 Nam
806 559 1014 621 pfizlmum
1033 559 1229 606 videmus
1243 595 1254 616 ‚
1275 562 1484 626 visionem,
1502 561 1616 611 εἰπο-

213 624 446 692 κσίλυψιν,
501 629 731 674 orationem
746 627 1008 688 spiritalem,
1052 622 1255 689 διδαχήν·
1309 640 1455 675 cetera
1481 632 1616 693 perti·

212 710 326 744 nent
347 696 402 743 ad
423 693 659 758 γλῶσσαν,
696 693 773 740 nifi
792 699 1019 742 orationem
1026 696 1263 757 spiritalem
1281 712 1334 742 eo
1355 696 1520 744 referre
1540 716 1613 745 ve.-

212 766 286 822 lis,
316 763 438 829 quod
457 766 705 810 orationem
725 763 780 809 de
797 761 1002 826 precibus
1023 762 1169 809 dicere
1189 764 1299 810 solet
1320 766 1615 822 Tertullianus,

211 835 384 897 reliqua
402 831 455 878 ad
473 831 700 896 ἑξμηνείαν.
803 834 843 876 V
846 842 1042 894 tcunque
1063 830 1134 885 fit,
1176 831 1302 877 locus
1325 833 1396 878 hic
1414 836 1614 897 primum

210 902 351 958 valet,
397 910 444 946 vt
471 900 515 945 id
546 899 691 946 obiter
716 914 1002 952 moneamus,
1045 900 1179 945 etiam
1208 898 1261 945 ad
1296 899 1612 947 reuincendam

208 970 458 1020 Marklandi
486 965 559 1027 (ad
578 967 748 1030 Lyfiam
766 982 808 1029 p.
833 973 961 1024 574.)
998 962 1320 1020 comesturam,
1349 984 1432 1031 pro
1451 967 1611 1030 ‘ylla'ioe

212 1035 587 1095 ‹rancor-rigentis
618 1031 799 1095 γνῶσιν,
845 1043 891 1078 et
921 1049 1012 1079 non
1044 1031 1340 1091 neceffariam‚
1379 1045 1424 1080 et
1453 1036 1614 1082 abhor⁴

207 1116 399 1157 rentem,
431 1100 553 1166 quod
575 1099 769 1165 ἑρμηνεία
785 1102 990 1163 sequitur,
1013 1117 1124 1163 quae
1144 1098 1234 1146 fine
1251 1098 1469 1163 γλώσσης
1488 1120 1612 1149 men-

210 1165 342 1221 tione
360 1169 468 1217 stare
486 1186 579 1216 non
604 1166 769 1232 potest,
812 1167 1129 1232 respiciturque
1160 1166 1213 1214 ad
1233 1187 1269 1215 v.
1291 1185 1310 1215 1
1324 1186 1362 1226 3.
1435 1169 1612 1217 Deinde

141 1273 144 1281 -
206 1240 398 1293 indicat,
443 1238 739 1285 Tertullianum
765 1238 1016 1283 orationem
1045 1236 1083 1283 ἐν
1104 1233 1298 1303 γλώσ-σῃ
1315 1253 1340 1282 a
1361 1238 1402 1283 vi
1422 1239 1611 1301 Spiritus

209 1305 344 1357 sanffl
363 1302 526 1353 duxiffe
538 1340 548 1360 ‚
566 1315 612 1351 et
631 1306 675 1350 in
695 1322 745 1350 ea
764 1303 946 1359 ἔκς-ασιν
968 1303 1187 1366 quandam
1203 1302 1471 1360 intellexisse,
1489 1303 1612 1370 quod

210 1379 388 1444 optime
416 1375 637 1420 conuenit
666 1374 739 1428 iis,
781 1389 892 1437 quae
916 1371 1115 1419 diximus.

309 1503 396 1547 His
413 1499 475 1546 ita
495 1497 719 1562 explicatis
738 1505 784 1542 et
803 1493 1075 1551 constitutiS,
1113 1496 1310 1560 primum
1336 1477 1612 1556 intelligitur,

207 1572 258 1619 in
286 1586 341 1615 eo
371 1583 466 1614 non
492 1565 643 1613 falsum
672 1562 797 1611 fuiffe
816 1566 1110 1617 Midletonum,
1154 1563 1295 1627 quod,
1336 1561 1434 1628 post
1450 1567 1611 1611 Salma-

197 1639 311 1706 stum
331 1641 378 1684 de
396 1636 539 1698 lingua
558 1632 772 1694 Hellenist.
789 1650 833 1693 p.
856 1649 963 1688 252.
984 1633 1032 1677 in
1055 1631 1129 1676 illo
1150 1632 1414 1678 charismate
1433 1641 1610 1678 motum

209 1709 283 1769 Sp.
306 1707 346 1751 S.
367 1711 675 1752 transeuntem
693 1699 831 1746 modo
851 1696 991 1754 fuiss'e,
1023 1697 1241 1754 defendit,
1277 1698 1459 1761 qualem
1481 1700 1525 1744 in
1545 1700 1611 1744 in-

205 1772 446 1836 spiratione
466 1768 613 1816 diuina
633 1769 750 1813 inter
770 1765 1054 1813 scribendum
1073 1762 1197 1819 fuiffe
1226 1766 1404 1820 scimus,
1444 1782 1530 1811 nec
1563 1765 1610 1813 id

205 1834 471 1911 pertinuisse
500 1836 683 1900 proprie
709 1832 763 1881 ad
789 1834 1046 1882 facultatem
1074 1823 1265 1880 docendi
1291 1843 1338 1880 et
1365 1831 1610 1910 scribendi:

1532 1915 1537 1918 ·
1558 1917 1608 1948 m

316 2026 439 2072 cordis
460 2025 698 2071 traduxerit,
735 2025 953 2066 Paullinum
975 2035 995 2067 1
1015 2023 1099 2064 Cor.
1121 2022 1229 2074 XIV,
1253 2033 1320 2076 25.
1359 2019 1419 2067 τοὶ
1438 2016 1611 2082 neum-a*

287 2077 391 2137 ’τῆς
411 2081 579 2144 καρδίαις
601 2079 765 2141 Φανεξοέ
791 2081 969 2135 γίνεται,
1005 2093 1174 2133 nempe,
1204 2090 1245 2119 vt
1261 2080 1491 2132 prauitatem
1514 2092 1609 2119 con.

252 2151 261 2153 “
317 2141 489 2183 filiorum
521 2141 762 2179 occultorum
794 2137 962 2186 indicet,
1009 2150 1111 2189 quae
1145 2134 1353 2190 patefaciat
1390 2135 1607 2188 propheta;

315 2211 397 2249 quo
418 2193 525 2236 seusu
546 2190 607 2237 τοὶ
624 2191 793 2255 κρυπτοὶ·
820 2195 894 2243 τῆς
911 2189 1078 2261 καξΙδῘας
1094 2193 1134 2230 in
1155 2193 1259 2232 libris
1278 2189 1390 2231 sacris
1411 2191 1605 2231 dicuntur.

317 2255 419 2295 Nam
436 2251 629 2291 traducere
656 2246 1095 2308 (παραδειγματιζε-ιν)
1123 2247 1181 2288 est
1201 2248 1363 2293 Latinis,
1387 2245 1607 2287 maleficum

315 2309 520 2350 hominem
540 2308 800 2347 contumeliae
831 2303 952 2345 cauffa
971 2304 1114 2344 ducere
1139 2318 1213 2356 per
1232 2317 1300 2344 ora
1325 2302 1526 2342 hominum
1557 2302 1606 2344 ad

312 2363 584 2418 spetiandum:
615 2376 747 2414 eoque
765 2360 884 2400 verbo
907 2357 989 2400 vsus
1009 2359 1082 2408 est,
1113 2372 1153 2399 vt
1177 2358 1403 2400 sententiam
1426 2357 1605 2410 Apostoli

311 2422 436 2478 plene
455 2419 720 2472 exprimeret,
741 2415 846 2470 quod
863 2413 1004 2469 consilia
1021 2414 1158 2455 occulta
1174 2415 1319 2455 Latinis
1337 2414 1455 2454 etiam
1471 2414 1511 2452 in
1529 2414 1605 2452 bo-

310 2491 402 2517 nam
420 2487 570 2529 partem
591 2474 784 2515 dicuntur.
823 2474 922 2513 Sunt
940 2473 1062 2511 multa
1084 2473 1124 2513 in
1140 2472 1208 2512 illo
1227 2469 1409 2522 scriptore
1426 2468 1473 2508 ad
1493 2469 1604 2510 bene

310 2530 608 2584 intelligendam
632 2529 784 2582 phi-alin
804 2529 851 2570 Ν.
873 2531 923 2568 T.
944 2529 1060 2578 vtilia,
1089 2529 1264 2580 itemque
1281 2525 1329 2565 ad
1346 2527 1483 2585 uelo-av.
1522 2525 1603 2566 Sed

315 2601 366 2628 eo
381 2587 542 2630 consilio
562 2585 755 2641 legendus
776 2583 851 2631 est,
893 2594 933 2623 vt
950 2582 1226 2624 obseruentur:
1266 2595 1381 2634 quam
1408 2581 1602 2621 rationem

314 2643 357 2685 in
378 2656 426 2682 eo
443 2642 616 2696 legendo
637 2638 806 2681 habuiffe
819 2669 830 2690 ‚
859 2640 923 2679 vix
943 2653 1181 2692 quemquam
1199 2638 1380 2680 nouimus
1393 2663 1406 2686 ,
1443 2648 1602 2692 praeter

308 2696 526 2748 semlerum,
565 2697 817 2756 Theologum
844 2694 1153 2739 eruditiffuuum.
1332 2715 1338 2719 ·
