1682 3068
227 220 330 268 330
565 221 631 251 nn
662 200 1009 253 »mestum
1040 223 1298 256 conpone

233 330 412 392 Atque,
453 336 503 374 vt
522 325 566 373 id
586 327 797 376 hocloco
818 326 1050 388 addamus,
1099 346 1154 376 ex
1171 328 1331 376 eodem
1354 346 1516 391 genere
1537 330 1640 378 sunt

233 396 407 450 omnia,
451 410 565 458 quae
593 394 647 442 ab
675 396 767 442 aliis
794 394 895 460 post
923 414 1025 443 eum
1060 397 1183 444 allata
1208 397 1334 454 sunt;
1402 399 1449 444 in
1478 398 1640 463 quibus

232 464 423 510 maxime
452 462 566 508 solet
596 461 789 526 vsurpari
819 463 929 510 illud
962 465 1124 521 Paulli,
1172 481 1190 510 1
1218 465 1316 512 Cor.
1355 479 1426 520 10,
1456 483 1500 524 4.
1539 463 1564 521 »ἱ
1594 458 1641 513 δὲ

232 528 382 596 *arhga
408 524 452 582 ἦν
478 526 651 596 :tem-35,
684 532 758 578 illa
777 540 915 579 autem
941 548 1070 593 rupes
1097 541 1192 579 erat
1214 531 1415 594 Christus.
1514 536 1638 581 Nam

232 595 295 645 ibi
315 594 380 644 est
399 597 640 663 applicatio
659 599 955 653 narrationis,
995 600 1183 663 exempli
1211 598 1347 646 caussa
1374 597 1642 664 propositae,

232 664 290 712 ad
306 680 403 712 rem
422 665 707 731 praesentem.
787 667 1053 723 Enimuero,
1096 667 1195 731 quis
1214 683 1307 713 non
1329 667 1471 721 videt,
1518 666 1640 715 issam

234 729 771 781 orationem'instituentis
786 735 983 780 Coenam
1003 734 1162 782 sacram
1183 733 1343 781 Christi
1374 735 1483 781 nihii
1510 750 1637 798 prae-

233 796 396 847 ceffiffe
414 799 694 856 huiusmodi,
729 815 781 846 ex
801 817 892 864 quo
912 810 1076 863 pateat,
1121 799 1362 862 figuratum
1385 802 1639 850 sermonem

232 865 408 923 haberi,
441 876 519 913 aut
538 864 623 913 effe
643 867 1061 930 interpretationem
1081 868 1264 917 alieuius
1290 869 1468 931 figurati
1494 869 1640 927 verbi,

232 932 328 992 sed,
368 932 475 1000 quid
498 931 548 980 sit
565 931 631 990 id,
665 933 788 999 quod
807 934 1024 992 tradatur,
1053 934 1216 983 doceri.

331 1053 376 1098 5.
405 1040 475 1085 Ac
492 1054 550 1085 ne
571 1039 667 1103 quis
689 1037 826 1096 dieat,
868 1037 954 1087 cibi
982 1040 1195 1104 paschalis
1224 1038 1490 1087 sumtionem
1519 1056 1642 1105 prae·

230 1102 393 1156 ceffiffe
405 1142 417 1163 ,
457 1123 481 1152 a
499 1123 590 1170 quo
610 1105 810 1159 transitus
831 1105 972 1156 fastus
994 1106 1064 1165 fit,
1099 1118 1147 1154 vt
1164 1111 1210 1155 in
1231 1107 1310 1154 illo
1331 1110 1528 1154 Ioanneo
1548 1107 1637 1155 ser‘-

231 1189 392 1233 mone,
431 1171 485 1218 ad
505 1171 737 1235 figuratam
756 1177 1030 1232 orationem,
1074 1192 1187 1239 quae
1206 1176 1309 1236 agni
1329 1174 1524 1221 melioris
1545 1191 1638 1222 car·

231 1256 341 1288 nem
364 1249 410 1287 et
426 1240 685 1301 sanguinem
706 1242 819 1289 sumi
837 1243 1032 1299 iuberet,
1073 1255 1120 1290 vt
1140 1245 1187 1289 in
1222 1241 1327 1297 illo,
1365 1258 1445 1305 per
1471 1239 1634 1289 fidem:

265 1311 435 1356 timum
466 1309 631 1354 clarum
661 1307 747 1364 est,
795 1326 891 1356 non
919 1310 1053 1372 primi
1082 1310 1205 1356 velut
1233 1305 1354 1354 astus
1378 1309 1638 1364 conuiualis,
1664 1297 1682 1318 ⁸*

230 1325 278 1425 ξ.
297 1391 337 1422 e.
358 1375 487 1422 sumti
507 1375 715 1439 paschalis
733 1377 851 1436 agni,
883 1378 1268 1424 continuationem
1289 1372 1377 1421 effe
1395 1376 1441 1422 in
1464 1371 1634 1437 institu-

231 1445 361 1491 tione
387 1444 567 1490 Coenae
597 1445 664 1500 S.,
730 1444 777 1489 in
806 1460 894 1506 qua
925 1444 1301 1493 commemoratio
1339 1441 1416 1490 fiat
1449 1439 1575 1490 alius.
1581 1450 1636 1498 et

230 1509 434 1558 melioris
452 1513 579 1570 agni,
609 1508 681 1556 sed
699 1526 868 1557 nouum
886 1508 1054 1568 assum,
1085 1514 1208 1558 cuius
1226 1526 1327 1575 pars
1343 1512 1482 1570 altera
1499 1511 1636 1557 etiam

231 1576 335 1646 post
353 1593 541 1624 coenam
565 1576 761 1640 suscepta
778 1574 854 1624 sit:
890 1576 1074 1634 deinde,
1091 1577 1121 1624 si
1141 1578 1252 1626 nihil
1270 1577 1386 1624 aiiud
1407 1576 1634 1637 agebatur,

232 1643 345 1711 quid
364 1660 480 1708 opus
498 1654 615 1701 erat,
634 1660 796 1708 panem
816 1654 863 1690 et
882 1647 1035 1693 vinum
1056 1644 1180 1699 dare,
1198 1661 1289 1709 quo
1305 1641 1396 1690 fine
1413 1644 1486 1691 illa
1498 1645 1635 1692 inter·

231 1714 432 1779 pretatio
461 1721 508 1757 et
536 1709 590 1757 de
616 1711 791 1758 meliori
822 1728 938 1772 agno
969 1728 1050 1775 per
1077 1710 1213 1760 fidem
1240 1710 1459 1760 vescendo
1488 1712 1633 1759 oratio

233 1778 330 1828 fieri
351 1788 551 1843 poterat,
585 1788 635 1825 vt
653 1778 724 1825 illa
747 1779 864 1842 apud
885 1783 1099 1826 Ioannem
1120 1779 1175 1826 de
1192 1780 1512 1844 meliori-pane.
1579 1781 1633 1837 In

232 1845 338 1912 ipfis
358 1847 509 1911 potius
529 1848 634 1906 agni
656 1845 857 1892 carnibus
879 1842 1187 1894 distribuendis
1207 1845 1396 1894 dixisset:
1427 1847 1538 1893 haec
1569 1842 1633 1893 est

233 1931 338 1963 caro
355 1930 467 1960 mea.
543 1911 628 1959 Sed
658 1911 765 1960 haec
785 1913 990 1960 vniuerse
1010 1913 1065 1960 de
1091 1917 1370 1979 proprietate
1389 1912 1631 1960 verborum

232 1979 394 2030 Christi
414 1977 527 2027 dista
545 1979 685 2027 sunto.
764 1978 835 2027 Ad
855 1992 1115 2041 argumenta
1145 1982 1224 2028 alia
1243 1985 1332 2029 veri
1348 1983 1554 2045 corporis
1584 1990 1632 2028 et

232 2049 452 2111 sanguinis
473 2045 650 2102 christi,
679 2049 1042 2113 praesentiaeque
1061 2051 1294 2114 propriae,
1324 2050 1565 2112 yeniamus.

334 2155 379 2201 6.
420 2155 629 2207 Quorum
647 2152 844 2216 primum
867 2169 1007 2213 genus
1029 2150 1113 2209 est,
1147 2150 1272 2217 quod
1289 2169 1343 2198 ex
1369 2150 1468 2215 ipsis
1487 2150 1630 2199 verbis

232 2221 268 2267 1.
299 2221 347 2267 C.
375 2234 620 2281 eorumque
647 2230 857 2265 contextu
888 2220 1081 2267 sumitur.
1133 2262 1138 2268 ,
1185 2225 1255 2267 Ac
1282 2219 1518 2275 nescimu8‚
1552 2233 1630 2265 an

236 2300 458 2345 rnapgnum⁴
473 2296 790 2346 argumentum
807 2285 858 2332 sit
876 2288 920 2332 in
940 2287 1028 2351 ipsa
1046 2283 1337 2334 flustuatione
1357 2301 1529 2342 eorum,
1548 2286 1628 2350 q‘ui

232 2348 389 2409 Verba,
435 2353 525 2400 hoc
553 2352 614 2400 est
642 2370 801 2416 eorpus
835 2371 1006 2411 meum,
1055 2356 1228 2419 tropice
1255 2356 1626 2418 interpretantur:

234 2421 327 2468 aliisi
343 2431 528 2485 tropum
548 2423 593 2467 in
615 2418 831 2477 subiefsto,
861 2422 951 2467 aliis
979 2425 1024 2467 in
1050 2422 1230 2486 copula,
1259 2422 1349 2468 aliis
1370 2422 1559 2484 denique
1577 2422 1626 2466 in

231 2487 486 2551 praedicato
515 2487 850 2550 quaerentibus:
899 2489 1212 2552 praeiudicium
1249 2499 1371 2535 certe
1403 2504 1496 2546 non
1526 2488 1626 2534 leue
1680 2495 1682 2515 ⁸

232 2553 337 2601 facit
362 2572 447 2619 pro
480 2553 618 2601 cauffa
646 2552 813 2612 nostra,
856 2573 968 2620 quae
996 2554 1048 2603 ab
1077 2556 1147 2602 ina
1179 2554 1467 2603 inconstantia
1486 2555 1624 2615 longe

231 2618 361 2668 abest.
458 2624 644 2685 Proprie
671 2634 818 2669 autem
846 2626 989 2684 arguit
1018 2633 1063 2669 et
1102 2621 1265 2668 indicat
1298 2621 1622 2685 proprietatem

227 2685 471 2742 verborum
490 2698 536 2737 et
553 2689 1013 2761 praeseixtie‘corporis
1048 2697 1095 2737 et
1120 2689 1339 2753 sanguinis
1367 2692 1399 2736 Ι.
1421 2687 1473 2752 Cr
1500 2688 1622 2756 quod

1567 2772 1622 2804 ea
