1650 3060
332 115 654 167 uiuorum
698 132 775 164 ετ.
795 111 1265 167 ἷαίὲιιιετῐᾼκοινκ
1402 126 1467 179 58
1472 131 1501 179 3

95 239 251 299 mrsu,
281 236 585 305 exspefhrent
608 254 797 286 munera
824 235 1111 295 ecclesiastica,
1147 236 1202 284 ad
1221 236 1503 287 retinendam

95 305 523 359 “confirmandam
550 306 792 361 scientiam,
823 323 958 369 quam
986 322 1038 352 ex
1064 305 1305 352 Academia
1335 305 1504 370 depor-

91 373 264 432 roffent,
287 377 449 439 partim
466 377 603 422 etiam
622 378 776 435 augeri
802 372 978 421 scientia
1005 370 1191 436 poffent.
1262 375 1399 420 Cuius
1422 390 1498 435 ge-

75 445 207 560 2315'3
225 442 352 508 plura
372 442 573 507 exempla
597 444 776 503 egregia
802 443 1088 505 reperiuntur
1108 451 1153 487 et
1187 441 1232 486 in
1252 443 1394 502 patria
1414 457 1499 488 no-

147 527 172 558 a
198 520 246 557 et
271 520 391 559 extra
419 527 547 564 eam„
602 510 815 574 Inprimis
844 514 901 555 est
929 507 1113 567 dignum
1133 519 1495 556 commemoratu

34 622 37 626 ,
83 580 151 627 Io.
184 578 360 633 Olearii,
394 573 613 626 Antissitis
639 580 877 625 Sacrorum
897 574 1098 624 Halenfis
1118 586 1321 632 extremo
1340 576 1495 623 seculo

82 645 328 709 superiori,
369 645 643 710 exemplum,
672 647 797 691 euius
827 644 974 690 schola
1003 643 1254 703 theologica
1282 645 1344 689 ita
1375 644 1492 691 clara

81 710 169 763 fuit
187 713 265 761 illo
284 724 509 778 tempore,
535 723 586 759 vt
605 713 816 777 permulti
848 709 1071 759 dostrinae
1091 710 1301 758 vberioris
1325 711 1492 774 cupidi,

82 795 190 828 cum
210 779 492 829 Academiam
512 778 796 844 reliquissent,
834 780 996 826 Halam
1024 781 1152 832 irent,
1187 787 1238 823 vt>
1263 777 1315 825 ab
1334 795 1391 824 eo
1414 777 1496 824 dif-

81 858 250 904 eei-ent,
280 848 535 914 praesertim
565 864 670 895 cum
699 843 931 904 constaret,
962 863 1068 892 eum
1097 846 1145 891 in
1166 845 1491 892 scientiainter-

76 914 404 980 pretandorum
434 916 650 969 librorum
689 915 911 962 sacrorum
943 915 1060 979 ipsos
1088 913 1382 960 Academicos
1411 912 1498 960 do—

77 979 226 1033 ssores
248 982 343 1037 fere
360 983 576 1048 superare.
646 984 713 1037 Et
727 982 825 1032 satis
845 994 1021 1037 certum
1038 978 1113 1037 est,
1146 983 1489 1033 eiincrementa

75 1051 174 1096 eius
202 1049 409 1098 scientiae
435 1067 488 1098 ac
514 1049 644 1097 studii
678 1052 722 1096 in
753 1050 838 1097 hac
866 1047 1013 1097 nostra
1030 1049 1267 1105 Academia
1295 1049 1486 1098 maxime

74 1116 241 1164 deberi.
313 1120 524 1179 Legimus
554 1115 783 1182 epistolam
813 1118 1089 1169 Stokmanni,
1128 1119 1205 1179 qui
1232 1114 1407 1167 Alstadii
1438 1118 1486 1163 in

72 1185 328 1246 Thuringia
345 1185 521 1233 Praesul
548 1184 772 1234 sacrorum
797 1184 895 1239 fuit,
925 1186 1004 1231 viri
1025 1182 1270 1238 doffiffimi,
1301 1181 1487 1231 dofflffi-

71 1268 347 1317 morumque
369 1251 564 1300 filiorum
587 1253 736 1316 patris,
769 1249 849 1299 nifi
875 1252 1078 1308 fallimur,
1110 1253 1156 1298 in
1179 1253 1326 1315 capite
1340 1249 1484 1299 libelli

72 1318 128 1366 de
148 1317 282 1374 Peste,
315 1323 362 1368 in
380 1338 466 1385 qua
485 1318 633 1376 scribit
649 1321 807 1376 amico,
841 1319 1078 1368 iucundam
1107 1317 1185 1367 fibi
1206 1316 1289 1365 effe
1306 1335 1482 1366 memo-

69 1389 180 1434 riam
209 1389 424 1436 amicitiae
454 1405 557 1435 cum
575 1405 632 1436 eo
660 1385 915 1436 contrastae
934 1389 1080 1442 Halis,
1109 1389 1155 1434 in
1175 1386 1327 1433 schola
1348 1386 1481 1434 Olea-

69 1455 203 1510 rima,
233 1453 288 1502 ad
312 1472 447 1520 quam
469 1473 521 1503 ex
542 1454 781 1502 Academia
798 1453 1004 1520 Lipfienfi
1024 1456 1131 1502 olim
1153 1453 1383 1508 veniffent,
1414 1454 1477 1501 di-

67 1523 218 1585 citque
236 1519 466 1584 ostoginta
484 1522 670 1587 amplius
690 1523 732 1570 se
749 1522 915 1570 sodales
942 1520 1189 1570 studiorum
1207 1523 1253 1569 in
1273 1538 1324 1568 ea
1346 1521 1474 1569 scho-

65 1590 108 1637 la
137 1588 352 1648 habuiss‘e,
392 1590 468 1655 qui
496 1586 660 1636 emenii
689 1591 958 1638 curriculum
989 1589 1305 1637 Academicum
1336 1589 1474 1636 venis-

0 1661 1 1677 *
66 1657 164 1705 sent
182 1658 330 1712 Halae,
362 1674 434 1714 eo,
464 1674 558 1720 quo
580 1658 683 1722 ipse,
711 1656 908 1714 consilio,
943 1668 990 1703 vt
1006 1659 1050 1704 in
1074 1658 1148 1704 illa
1167 1657 1315 1705 schola
1336 1673 1473 1717 auge-

63 1733 164 1773 rent
185 1735 231 1771 et
248 1721 517 1789 perficerent
539 1723 763 1771 scientiam
784 1742 933 1772 rerum
955 1724 1185 1780 sacrarum,
1222 1727 1347 1772 cuius
1367 1725 1471 1772 fun-

64 1790 267 1843 damenta
299 1794 346 1840 in
372 1791 607 1839 Academia
633 1790 839 1840 ieciss'ent.
907 1795 1014 1847 Quo
1042 1794 1183 1853 magis
1215 1790 1468 1857 optandum

64 1857 139 1912 est,
175 1867 224 1904 vt
250 1869 298 1904 et
327 1856 575 1904 institutum
603 1859 715 1906 illud
742 1860 932 1924 priscum
963 1872 1152 1915 maneat,
1181 1870 1228 1915 et
1248 1860 1468 1921 intelliga-

61 1936 137 1972 tut
151 1924 254 1972 illos
274 1925 468 1972 honores
490 1941 583 1971 non
612 1925 666 1972 ad
687 1929 926 1974 vanitatem
945 1938 1225 1991 comparatos
1255 1926 1353 1980 effe,
1386 1935 1465 1973 aut

59 1990 115 2039 ad
134 1988 360 2056 quaestum
378 1991 750 2040 Academicorum
781 1991 1031 2048 dostorum,
1064 1994 1137 2040 sed
1153 1993 1206 2040 ad
1227 1995 1463 2044 vtilitatem

59 2057 288 2115 ecclesiae,⁸
299 2069 345 2106 et
362 2069 411 2107 vt
431 2058 559 2106 multi
576 2059 662 2107 ‘hos
674 2060 870 2107 honores
889 2059 1119 2124 capessant,
1140 2076 1324 2116 neceas,
1346 2061 1462 2108 sum·

58 2136 135 2175 tus
144 2125 308 2174 vitandi
322 2124 472 2192 mussa,
490 2135 539 2172 vt
552 2124 615 2179 fit,
633 2125 870 2175 declinent.
940 2129 1155 2175 Videmus
1173 2138 1220 2174 et
1242 2127 1454 2193 praedici-

57 2210 174 2252 mus,
193 2191 225 2241 fi
245 2195 330 2249 ille,
349 2196 426 2259 qui
447 2209 571 2240 nunc
591 2195 780 2242 inualuit
797 2196 1026 2259 plerisque
1057 2197 1102 2242 in
1125 2196 1376 2243 Academiis
1402 2205 1452 2243 et

56 2259 314 2323 regionibus
352 2270 611 2309 contemtus
643 2261 870 2310 honorum
901 2262 1286 2319 Academicorum,
1318 2278 1458 2327 porro

56 2326 201 2376 valent
234 2327 370 2376 studia
394 2326 623 2376 doctrinae
651 2332 695 2376 in
716 2330 808 2377 dies
840 2335 977 2390 magis
1006 2333 1235 2396 magisque
1265 2331 1450 2396 lapsura,

54 2405 103 2443 et
126 2394 252 2444 breui
277 2406 487 2460 tempore
515 2395 760 2450 defuturos,
789 2399 868 2461 qui
894 2394 1098 2445 dofiiores
1117 2396 1284 2462 publici
1304 2401 1453 2445 Sacra-

23 2467 27 2471 “
51 2479 156 2511 rum
174 2463 398 2512 literarum
415 2464 460 2509 in
478 2462 724 2511 Academiis
741 2462 834 2512 fieri
857 2463 1046 2528 poffint:
1080 2483 1166 2530 qua
1189 2468 1339 2530 inopia
1360 2467 1452 2513 iam

50 2547 177 2578 nunc
201 2531 441 2596 pleraeque
462 2529 727 2579 Academiae
752 2533 974 2597 incipiunt
995 2532 1202 2590 laborare,
1234 2545 1280 2580 et
1299 2536 1343 2580 in
1365 2533 1450 2580 hac

47 2596 321 2648 festinatione
340 2594 565 2647 doarium
583 2597 885 2657 Academicae,
904 2617 1017 2665 quae
1033 2599 1297 2667 quibusdam
1318 2603 1364 2650 in
1384 2601 1452 2648 lo·

794 2669 837 2716 Ο
852 2684 880 2717 o
914 2686 950 2731 4
1385 2670 1449 2714 cis
