1682 3068
350 144 417 180 11«
446 145 739 180 &nument
774 143 1185 178 cons-rroevnnu
1219 176 1222 177 ⁷
1391 137 1489 186 199
1528 165 1533 167 .

85 273 184 307 non
208 252 408 304 satisfieri
433 253 488 302 ab
513 253 606 307 vllo
634 251 836 309 homine,
867 269 954 300 nec
971 244 1387 316 quemquam-fuisse
1408 250 1488 295 vn-‘

47 318 52 326 ’
84 324 233 390 quam,
261 325 343 388 qui
356 313 450 370 hoe
467 320 524 368 de
538 320 583 368 se
599 319 725 368 ausus
744 316 811 374 fit,
840 333 916 369 aut
931 323 1029 367 iure
1046 319 1248 384 potuerit
1265 315 1488 383 praediea-

84 395 151 448 re‚
183 407 270 439 nec
296 387 603 455 per'vitiofam
632 398 833 434 naturam
859 385 1052 434 satisfieri
1073 384 1218 451 pofl‘e;
1253 382 1487 449 quomodo

84 460 256 523 poterit
271 460 486 508 autDeus·
497 473 579 502 eos
598 454 717 502 salua
734 451 959 501 sanstitate
977 455 1050 500 sua
1066 453 1120 501 ad
1140 454 1395 501 felicitatem
1412 450 1489 500 ad.-

84 527 280 583 mittere,
297 534 374 573 ant
389 524 532 572 homo
552 539 650 570 eam
672 539 776 569 eum
795 523 943 586 aliqua
951 520 1113 568 fiducia
1125 522 1329 586 sperare?
1348 516 1497 578 Quod¹

60 614 62 616 ’
84 591 118 641 fi
137 591 298 646 dicant,
313 594 473 645 Deum,
495 607 582 654 pro
602 591 740 638 suain
760 591 970 636 homines
987 590 1173 635 lenitate
1193 600 1241 636 et
1257 587 1487 650 indulgen·

85 653 160 718 tia,
191 669 455 709 contentum
478 656 565 704 effe
593 655 713 722 posse
739 658 1037 723 qualicunque
1064 658 1250 702 virtute:
1285 659 1486 721 primum
1530 693 1545 707 ,

86 727 181 776 hoo
193 727 339 792 ipsum
357 723 635 775 arbitrarium
656 723 742 773 effe
759 725 980 773 fateantur
1001 723 1176 771 necess‘e
1193 721 1275 771 est:
1309 722 1497 789 deindes

83 793 336 845 ‘nonnihil
356 792 444 842 esse
459 804 639 859 praeter
656 797 872 842 incertam
890 789 1203 848 conieauram,
1235 808 1331 856 qua,
1365 793 1417 837 in
1428 807 1484 838 re

84 862 332 919 (numniti
357 860 663 911 alieniffimum
691 873 829 927 atque
844 858 1140 907 stultissimum
1158 856 1232 906 est.
1299 859 1481 906 Etenim

83 946 198 979 eum
211 946 267 977 ex
287 931 351 985 iis,
367 940 493 995 quae
509 929 637 995 supra
654 934 713 992 (§.
738 940 812 986 18.
833 929 885 989 s.)
906 928 1122 991 disputata
1141 928 1246 974 sunt
1267 925 1323 973 de
1345 927 1482 973 felici·

82 998 183 1054 tatis
201 994 400 1045 coelestis
419 1008 585 1053 namra,
620 1007 837 1062 appareat,
866 998 1003 1043 etiam
1031 994 1270 1061 perfefilam
1290 994 1403 1054 legis
1421 992 1483 1039 di·

82 1066 210 1113 vinae
226 1065 599 1122 obseruationem,
628 1064 659 1112 fi
678 1063 732 1112 fit
752 1063 1093 1128 consequendae
1109 1064 1227 1111 illius
1246 1061 1482 1117 felicitatis,

82 1148 184 1181 eam
200 1134 290 1197 vim
307 1132 490 1190 habere,
517 1150 610 1181 non
631 1151 718 1198 per
736 1133 795 1189 se,
813 1132 886 1182 sed
907 1132 1099 1193 benigna
1115 1132 1352 1179 voluntate
1371 1129 1482 1176 diui·

0 1222 1 1226 ¹
81 1216 152 1257 na,
175 1200 244 1251 §b
262 1202 355 1266 ipso
374 1201 631 1249 hominibus
650 1201 809 1248 diserte
826 1199 1061 1257 declarata3
1080 1198 1215 1264 quod,
1234 1216 1349 1263 quae
1369 1196 1479 1244 libe·-

79 1285 156 1316 rae
179 1268 429 1316 voluntatis
457 1281 504 1317 et
529 1268 812 1329 benignitatis
842 1268 966 1325 sunt,
1006 1269 1199 1328 intelligi
1228 1268 1357 1314 aliter
1383 1282 1481 1312 non

80 1333 287 1400 poss'unt:
319 1347 488 1400 quanto
509 1338 648 1396 magis
667 1336 714 1382 id
733 1335 971 1382 dicendum
999 1339 1084 1383 erit
1102 1335 1158 1382 de
1176 1335 1481 1398 qualicunque

82 1404 180 1449 eius
199 1400 537 1451 obseruatione?
571 1403 657 1450 Vbi
688 1415 840 1450 autem
866 1401 926 1448 est
953 1400 1028 1462 ista
1044 1403 1284 1450 voluntatis
1303 1401 1481 1448 diuinae

79 1468 368 1530 fignifioetio?
398 1481 446 1517 et
464 1470 581 1518 vnde
599 1482 833 1535 acceptum
850 1469 1113 1527 didicerunt,
1131 1473 1281 1516 Deum
1308 1469 1383 1516 illa
1401 1468 1484 1515 tali

79 1538 292 1586 inchoata
318 1548 367 1584 et
392 1537 651 1586 adumbrata
678 1540 840 1585 virtute
868 1549 1136 1586 contentum
1166 1537 1279 1595 fore,
1312 1533 1482 1583 etiamst

75 1605 187 1652 nihil
205 1604 509 1662 intercesserit,
542 1624 632 1671 quo
659 1609 754 1653 eius
781 1604 1059 1670 imperfeffio
1077 1607 1200 1653 velut
1218 1605 1481 1670 expleatur?

76 1676 202 1720 Tum
219 1675 289 1721 illa
310 1675 632 1738 qualiscunque
649 1675 787 1739 pietas
802 1684 848 1720 et
865 1675 1019 1730 virtuS,
1040 1690 1173 1738 quam
1191 1670 1254 1719 est
1271 1670 1477 1732 ambigua

78 1750 128 1787 et
141 1757 299 1806 parum
320 1739 520 1790 definita!
553 1747 670 1789 Nam
691 1741 800 1788 illud
819 1739 1023 1806 profeEio
1046 1759 1143 1788 non
1166 1739 1395 1789 audebunt
1411 1738 1475 1787 di-

76 1823 190 1864 cere,
221 1826 417 1863 omnem,
446 1811 651 1874 quamuis
674 1826 856 1873 paruam
889 1826 940 1856 ac
966 1821 1165 1864 tenuem,
1194 1820 1243 1855 et
1271 1805 1375 1855 heri
1396 1817 1475 1855 aut

74 1875 238 1923 nudius
258 1877 412 1923 tertius
428 1879 684 1924 inchoatam
701 1879 929 1935 virtutem,
942 1890 989 1924 et
998 1895 1090 1941 quo
1111 1889 1238 1924 certo
1259 1878 1471 1924 virtutem

75 1943 195 1990 hane
212 1946 301 1991 vim
322 1942 484 1991 habere
503 1943 637 2008 posse,
657 1957 707 1992 vt
729 1962 780 1992 ea
797 1948 924 1992 Deus
952 1944 1026 1991 fibi
1056 1944 1248 1992 satisfieri
1270 1946 1475 2008 patiatur.

78 2010 327 2066 Quomodo
345 2013 483 2071 igitur
502 2011 723 2059 definient
732 2013 849 2060 illam
870 2014 1227 2076 qualemcunque
1244 2015 1471 2066 virtutem,

75 2087 124 2123 et
133 2076 224 2140 q'uo
235 2089 359 2125 certo
374 2089 642 2137 argumento
661 2082 828 2145 poterit
838 2081 1093 2128 hominibus
1108 2078 1195 2127 effe
1206 2079 1471 2144 persuasum,

74 2146 121 2193 se
141 2142 193 2190 ad
210 2163 315 2192 eum
334 2148 511 2193 virtutis
529 2145 715 2205 gradum
742 2146 1011 2211 peruenisse,
1042 2165 1135 2212 quo
1153 2151 1255 2194 Deo
1281 2144 1472 2202 satisfiat,

73 2228 165 2277 quo
182 2214 257 2260 ille
278 2223 517 2262 contentus
533 2211 588 2260 fit
605 2212 819 2264 futurus?
853 2219 917 2263 Ex
938 2234 1028 2280 quo
1058 2231 1247 2276 angores
1269 2216 1405 2261 animi
1424 2225 1473 2260 et

69 2280 428 2345 perturbationes
475 2280 711 2329 horribiles
748 2282 1079 2348 consequantur
1113 2279 1287 2328 necesse
1319 2279 1382 2333 est
1418 2283 1467 2327 in

73 2346 297 2403 omnibus,
317 2349 393 2411 qui
414 2349 688 2396 immortales
707 2351 880 2398 animos
899 2348 997 2406 effe,
1020 2361 1067 2396 et
1086 2351 1212 2397 aliam
1233 2347 1335 2414 post
1352 2348 1469 2397 hane

68 2417 205 2462 vitam
230 2412 559 2479 exspestandam
580 2416 840 2464 didicerunt.
1229 2448 1231 2450 -

167 2480 249 2531 26.
280 2481 366 2529 Sed
390 2485 513 2547 prior
531 2484 608 2530 illa
624 2495 672 2530 et
690 2485 851 2530 melior
869 2484 1105 2532 hominum
1132 2485 1223 2531 sors
1245 2493 1294 2531 et
1311 2481 1469 2531 condi·

68 2548 239 2611 eimedi
257 2551 379 2598 nulla
397 2551 470 2598 tali
490 2567 579 2615 ope
595 2550 835 2612 indigebat,
843 2562 994 2598 tamen
1013 2551 1241 2603 arbitrium
1262 2549 1469 2598 diuinum

69 2617 116 2663 in
127 2618 344 2679 religione
357 2635 450 2666 non
467 2617 607 2666 modo
617 2636 712 2665 non
721 2617 991 2682 repudiabat,
1001 2618 1075 2668 sed
1086 2622 1216 2667 etiam
1224 2617 1396 2667 idoneis
1408 2619 1467 2665 de

70 2683 220 2755 eauffis
240 2685 481 2751 expetebat.
506 2747 509 2750 Α
528 2689 704 2735 Etenim
724 2685 955 2750 quomodo
977 2686 1233 2753 repudiaret
1251 2688 1322 2745 id,
1338 2684 1465 2751 quod
1553 2729 1560 2732 ,

83 2767 92 2775 ’
735 2758 784 2801 N
822 2773 854 2817 4
1371 2768 1469 2799 non
