1650 3060
191 188 291 236 542
463 190 527 221 mr
571 186 854 221 vna-rmus
904 192 1312 225 »nonnum-rur.
1637 183 1650 227 i.

197 312 298 360 que,
318 303 365 342 vt
386 303 477 352 aut,
496 297 542 344 in
561 313 725 358 magna
743 306 791 343 et
813 313 906 343 non
926 295 1157 346 inficianda
1176 298 1426 363 prudentia,
1444 309 1596 351 tamen

198 379 295 410 non
316 363 509 420 videant,
541 363 663 428 quod
695 381 848 411 verum
879 374 924 412 et
948 365 1132 413 salutare
1160 365 1234 423 est,
1266 368 1473 432 ipsosque
1493 380 1597 417 ante

197 431 358 478 oculos
370 443 514 495 ,atque
541 434 587 478 in
613 443 807 496 promtu,
841 442 926 486 aut,
954 450 1056 479 cum
1086 433 1271 491 videant,
1294 446 1445 483 tamen
1465 436 1520 482 ab
1540 454 1597 484 eo

196 509 384 562 repente
403 498 674 546 demoueant
695 501 864 556 oculos,
897 497 1063 565 sibique
1083 502 1194 548 elabi
1214 503 1350 549 suum(
1368 502 1596 552 consilium

197 565 362 622 finant3
395 584 485 630 quo
506 568 589 613 alio
608 577 814 631 tempore
833 567 1013 632 saepius,
1034 570 1099 615 vel
1122 570 1323 630 legimus,
1343 571 1411 616 vel
1429 570 1503 635 ipsi
1522 589 1596 619 au-

200 633 392 681 diuimus
411 651 460 680 ac
480 633 681 692 vidimus,
712 637 880 696 magnis
911 647 957 682 et
978 635 1220 683 manifestis>
1244 639 1292 683 in
1319 638 1451 685 rebus
1471 637 1597 686 fieri?

198 703 416 766 Pompeii,
450 712 497 749 vt
528 704 616 749 hoc
647 712 838 757 vtamur,
886 703 1064 764 ingressi
1091 704 1256 751 bellum
1284 722 1385 751 curn
1407 707 1597 761 Caesare,

201 786 341 819 omne
356 771 554 834 confilium
572 770 894 834 Themistocleum
914 783 1020 819 erat.
1040 779 1076 831 ⁸)
1114 771 1400 828 Existimabat,
1422 778 1492 837 qui
1511 792 1595 822 ma-

199 855 251 887 re
282 847 450 892 teneret,
480 854 568 886 eum
598 837 813 900 neceffiirio
841 854 981 885 rerum
1002 843 1156 900 potiri.
1190 844 1290 886 Nec
1310 840 1511 888 dubitant
1531 857 1597 888 re-

199 922 302 954 rum
321 906 467 969 periti,
489 907 597 969 quin
620 904 768 952 saltem
791 907 1019 953 attriturus
1040 907 1170 954 fuerit
1190 908 1409 954 Caesarem
1434 921 1479 954 et
1499 908 1597 955 fati-

203 983 398 1034 gaturus‚
433 969 465 1018 fi
494 970 724 1020 confilium
755 971 798 1018 id
826 971 1043 1019 tenuisset.
1063 979 1130 1036 **)
1162 973 1352 1022 Vissoria
1381 975 1600 1023 vtendum

201 1039 300 1097 effe,
335 1040 543 1101 vrgendis
563 1037 695 1096 viffls,
715 1056 798 1085 nec
818 1042 899 1085 vlla
918 1051 1044 1103 parte
1063 1044 1221 1103 quietis
1244 1042 1536 1099 concedenda,
1565 1041 1597 1090 fi

199 1111 436 1173 quisquam
456 1109 579 1162 alius,
598 1106 766 1153 sciebat.
803 1109 917 1161 Quis
939 1109 1057 1153 enim
1075 1110 1282 1169 ignorat?
1298 1111 1397 1173 quis
1416 1126 1507 1158 non
1527 1110 1598 1157 vel

135 1205 139 1208 ·
199 1176 466 1235 indignatur,
501 1175 570 1221 vel
600 1174 726 1231 ridet,
756 1173 830 1221 vbi
858 1174 978 1221 secus
1005 1172 1164 1223 fassum
1195 1174 1266 1232 est,
1296 1175 1460 1224 etiamsi
1489 1195 1599 1225 nun·

200 1260 337 1309 quam
356 1259 449 1289 rem
462 1241 666 1289 bellicam
688 1244 866 1304 attigit?
879 1246 936 1290 Et
954 1244 1079 1308 saepe
1090 1254 1200 1298 ante,
1221 1241 1343 1291 vistis
1356 1246 1600 1309 piratarum
1622 1283 1623 1286 η

203 1308 417 1366 classibus,
435 1313 482 1356 in
495 1309 766 1366 Mithridate,
786 1311 901 1357 bene
919 1310 1017 1358 vsus
1035 1322 1138 1359 erat.
1176 1311 1298 1366 Quid
1320 1329 1429 1372 ergo
1441 1313 1466 1360 ,2
1485 1328 1600 1376 quae
1644 1333 1650 1358 ε

199 1397 273 1428 res
293 1395 398 1426 eum
420 1388 608 1443 repente
627 1377 682 1423 de
709 1375 891 1425 consilio
913 1395 962 1425 ac
981 1389 1132 1426 mente
1154 1378 1367 1426 deduxit?
1395 1377 1600 1428 Profesto
1647 1372 1650 1401 ³

200 1450 267 1494 vis
285 1444 689 1501 diuinainterceffit,
703 1456 1028 1494 commutatur-a
1038 1464 1119 1511 per
1131 1447 1352 1494 Caesarem
1364 1449 1602 1512 imperium

202 1519 469 1570 Romanum,
487 1525 533 1561 et
551 1531 715 1561 nouam
737 1531 886 1560 rerum
901 1514 1091 1562 formam
1113 1513 1356 1567 induEiura,
1368 1532 1478 1578 quae
1495 1513 1601 1561 effet
1639 1534 1645 1542 *

201 1581 335 1649 ipsius
356 1580 559 1639 εοῐιίῐὶὶἰς,
570 1580 942 1645 temporibusque
954 1580 1108 1630 Christi
1132 1584 1263 1630 aetati
1282 1584 1434 1629 vicinis
1444 1584 1602 1647 aptior.
1647 1636 1650 1637 ⁷

301 1652 361 1696 Et
381 1652 590 1712 quoniam
605 1651 695 1697 huc
714 1649 883 1713 delapsa
905 1647 965 1696 est
985 1652 1324 1710 oratio,magnas
1344 1651 1436 1696 illas
1448 1665 1598 1695 rerum

203 1716 532 1774 conuersiones,
549 1735 630 1782 per
647 1735 754 1781 quas
774 1719 958 1780 imperia
975 1729 1318 1770 commutantur,
1330 1716 1600 1763 transferun-

203 1797 290 1842 tur,
310 1796 528 1845 augentur
546 1802 597 1830 ac
615 1787 888 1840 minuuntur,
909 1801 1017 1847 opes
1039 1785 1107 1830 vel
1125 1784 1399 1845 franguntur,
1411 1784 1478 1830 vel
1497 1800 1599 1847 pro-

200 1854 444 1909 vehuntur,
474 1851 725 1898 diuitiarum
748 1868 884 1915 porro
903 1853 1264 1915 paupertatisque
1286 1852 1521 1898 celeriores
1540 1852 1599 1896 vi·
1638 1848 1650 1879 ’ἕ

203 1918 484 1974 ciffitudineS,
495 1936 609 1983 quae
627 1921 673 1965 in
695 1920 926 1982 Scripturis
946 1917 1246 1965 attribuuntur
1262 1920 1435 1964 numini
1452 1935 1504 1964 ac
1520 1934 1599 1982 po·
1628 1880 1650 2016 Ξ

203 1986 348 2036 testati
383 1987 579 2041 diuinae,
613 1990 736 2034 omni
766 1989 979 2034 memoria
1009 1988 1262 2050 reperimus·
1282 1986 1384 2033 belli
1410 1989 1607 2032 maxime—

204 2066 335 2104 motu
352 2052 487 2102 fafitas
509 2052 594 2101 else
602 2076 616 2110 3
645 2064 692 2101 vt
712 2065 932 2118 appareat,
951 2053 1230 2100 instrumenti
1250 2056 1337 2100 vim
1357 2052 1494 2100 diuini
1514 2050 1598 2099 effe

204 2128 252 2173 in
272 2123 416 2178 bellis,
429 2140 510 2187 per
530 2120 650 2185 quod
669 2125 792 2168 Deus
813 2138 884 2168 res
905 2124 1112 2168 maximas
1132 2123 1178 2168 in
1196 2123 1324 2167 terris
1343 2131 1454 2181 agat,
1474 2121 1599 2171 etsui
1623 2121 1630 2149 ’·

203 2193 398 2241 numinis
418 2188 682 2255 potestatem
711 2189 911 2252 inprimis
933 2186 1218 2244 demonstret,
1251 2198 1298 2235 et
1313 2190 1598 2253 propeingu·
1617 2202 1620 2207 ’

205 2271 272 2308 rat
291 2257 480 2305 sensibus
497 2255 668 2305 nostris,
737 2255 808 2304 Ad
829 2273 912 2304 nos
932 2256 1120 2320 quidem,
1142 2254 1173 2302 fi
1194 2256 1428 2320 priscarum
1447 2270 1599 2303 rerum

204 2327 472 2374 memoriam
504 2335 735 2380 tenemus,
766 2325 1098 2380 humanitatem,
1133 2325 1300 2376 literas,
1331 2323 1599 2383 religionem

204 2394 354 2459 ipsam,
388 2394 586 2458 primum
606 2393 731 2440 velut
752 2393 832 2438 alis
852 2387 960 2438 b'elli
977 2391 1152 2446 delatas,
1186 2391 1502 2451 intelligemus.
1527 2392 1618 2436 ⁴111v

206 2478 296 2524 quo
328 2462 437 2507 nihil
470 2470 667 2516 temere,
700 2459 810 2505 nihil
839 2457 927 2504 {ine
955 2462 1056 2506 Deo
1086 2456 1266 2514 fastum,
1299 2459 1445 2504 omnia
1464 2456 1632 2517 diuini-3

207 2527 378 2576 consilii
397 2539 442 2575 et
461 2529 608 2592 operis
623 2523 775 2583 fuisse,
792 2525 1000 2583 libenter,
1016 2537 1065 2575 vt
1084 2528 1258 2592 opinor,
1285 2524 1530 2574 fatebimur.

1637 2022 1650 2056 ‘l

1540 2588 1647 2649 mg

217 2677 707 2730 ‘qcnmAmxg
1573 2652 1647 2734 ’ζ

201 2773 208 2789 .,
257 2735 315 2788 ξ’)
343 2735 442 2775 Baco
470 2733 521 2774 de
541 2738 702 2788 Augm„
720 2735 781 2779 Sc.
802 2733 907 2786 vm,
926 2744 960 2787 3.
1634 2739 1638 2741 “
