1682 3068
500 132 1142 166 κνιΑτοιινς
1425 129 1524 178 105

125 241 246 311 quod
273 242 414 291 hodie
440 233 634 297 reEtum,
683 255 837 287 verum
850 277 861 296 ,
903 250 1081 303 aptum,
1124 232 1320 293 certum,
1356 235 1526 301 perspi-

124 329 260 366 cuum
281 310 361 368 est,
378 327 481 359 cum
498 309 694 373 ipsorum
717 307 1006 371 opinionibus
1027 306 1313 354 defendendis
1331 303 1524 369 prodest,

123 381 265 437 idem,
308 396 426 442 cras!
456 379 595 425 imum
621 375 777 422 eadem
796 372 890 430 die,
929 376 1064 422 altera
1085 373 1227 421 statim
1258 373 1389 426 hora,
1429 384 1526 438 pra·

124 465 256 502 vum,
293 447 467 504 falsum,
506 444 726 499 alienum,
769 441 954 490 dubium
975 454 1020 488 et
1038 440 1275 488 obscurum
1294 437 1378 496 est,
1417 458 1526 488 cum

126 513 262 564 obest.
311 517 454 565 *Cuius
474 513 647 574 generis
669 511 809 558 multa
830 510 1029 574 exempla
1050 526 1271 555 commem
1281 526 1406 556 orare
1425 509 1525 574 pos·

126 583 228 639 sem,
246 580 278 630 fi
289 582 362 630 hie
378 582 503 629 locus
514 577 629 626 esset.
657 578 742 627 Sed
760 579 891 626 nobis
901 596 1003 626 cum
1013 580 1260 624 Muratorio
1276 579 1358 623 iarn
1371 594 1440 623 res
1451 575 1527 636 est,

126 668 153 699 a
162 653 285 699 cuius
294 646 495 699 doeh-ina
505 646 724 696 celebrata
740 648 838 696 talis
847 643 1139 694 inconstantia
1150 644 1275 692 valde
1286 642 1345 690 est
1356 646 1507 692 aliena.

193 774 286 833 Vl.
334 771 669 844 Suppacatioms
691 770 925 825 Caelitibus
943 774 989 824 in
1008 770 1198 841 Eccleſsa
1214 771 1415 822 Romana
1428 811 1439 831 ,
1485 777 1527 822 et

258 867 355 920 pro
375 854 556 902 mortuis
561 850 673 921 fieri
682 848 841 919 solitas
859 842 1030 900 reHe'in
1047 847 1327 917 Augustonae
1346 845 1527 916 Profes-

255 925 397 998 ,ῥοπὴ
412 926 618 978 Famula
643 926 891 993 repudiari,
939 943 1015 976 nec
1029 925 1212 995 firmari
1232 925 1422 992 antiquis
1444 923 1528 974 Li-

265 1003 510 1067 turgiamm
529 1001 753 1073 formulis.

215 1110 444 1164 Quoniam
465 1110 692 1173 Liturgiae
710 1106 1028 1163 Eucharisticae
1046 1125 1148 1174 pars
1167 1105 1229 1155 est
1249 1123 1528 1154 commemo-

122 1178 235 1225 ratio
252 1189 557 1238 mortuorum‚
602 1184 796 1245 primum
816 1196 999 1233 eorum,
1041 1194 1157 1242 quos
1179 1175 1351 1223 Sanffos
1368 1185 1532 1222 vocant

124 1246 284 1307 vulgo,
323 1244 484 1293 deinde
502 1249 690 1304 horum,
728 1249 987 1314 quifideles,
1029 1244 1188 1292 famuli
1210 1261 1262 1290 ac
1283 1245 1396 1290 serui
1429 1245 1532 1300 Dei,

125 1313 426 1376 appellantur:
456 1314 548 1361 hoc
563 1332 747 1380 quoque
765 1315 842 1362 fibi
859 1314 1031 1375 negotii
1047 1310 1195 1360 sumsit
1213 1314 1258 1359 in
1278 1311 1533 1375 hacDispu-

122 1381 297 1429 tatione
316 1382 614 1438 Muratorius,
642 1394 690 1431 vt
707 1394 754 1430 et
776 1384 1023 1442 Liturgiarn
1044 1378 1247 1425 aduersus
1267 1381 1534 1442 Bingamum,

126 1450 311 1512 eiusque
329 1449 719 1513 interpretationes
739 1463 787 1497 et
801 1443 1195 1514 reprehenfioneS,
1233 1457 1279 1497 et
1298 1446 1536 1493 consuetu·

127 1514 277 1562 dinem
293 1514 509 1562 Ecclefiae
529 1519 755 1564 Romanae
774 1518 1019 1565 vniuersam
1042 1515 1110 1560 vel
1133 1513 1408 1578 supplicandi
1429 1516 1534 1560 San-

125 1579 231 1646 stis,
277 1581 348 1628 vel
385 1599 575 1647 precum
613 1584 912 1632 faciendarum
941 1600 1029 1648 pro
1056 1583 1247 1628 mortuis
1261 1617 1272 1636 ‚
1325 1581 1532 1628 aduersus

125 1647 408 1710 'Augustanue
427 1649 718 1700 Confeffionis
737 1654 901 1717 placita
919 1649 1182 1716 explicando
1201 1646 1531 1696 confirmando-

127 1734 217 1783 que
235 1717 504 1765 defenderet.
554 1721 706 1774 Quem
736 1721 891 1780 locum
911 1718 989 1767 etsi
1007 1718 1137 1765 molli
1155 1716 1342 1764 articulo
1363 1713 1533 1774 trastat,

125 1784 255 1834 omni
274 1785 413 1833 modo
435 1785 666 1839 moderans
683 1805 779 1835 rem
793 1824 805 1844 ,
845 1805 906 1835 ne
928 1786 1035 1850 quid
1057 1782 1316 1832 offensionis
1349 1783 1532 1833 habeat:

126 1863 278 1900 tamen
298 1870 355 1901 ue
377 1850 437 1900 fic
454 1854 634 1919 quidem
655 1854 818 1920 aliquid
839 1855 1040 1920 proficit,
1079 1854 1318 1916 multisque
1340 1854 1534 1899 nomini·

126 1918 210 1968 bus
233 1920 361 1969 nobis
380 1922 780 1985 reprehendendus
799 1923 990 1974 videtur.
1044 1919 1130 1969 Sed
1150 1922 1360 1984 quoniam
1381 1922 1425 1966 in
1448 1921 1533 1967 hac

128 1985 436 2052 disputationis
453 2001 584 2055 parte
602 1992 816 2057 quaedam
835 1990 960 2046 sunt,
1000 1989 1055 2037 ad
1078 1991 1325 2053 Bingamum
1346 1990 1529 2052 proprie

127 2057 404 2120 pertinentia
437 2058 486 2102 in
514 2073 591 2114 eo,
658 2058 781 2123 quod
808 2060 1035 2121 Liturgiae
1061 2059 1279 2104 rationem
1307 2072 1400 2102 non
1429 2055 1529 2102 satis

129 2134 336 2170 accurate
364 2122 626 2188 perspexiss'e
662 2125 857 2184 videtur,
917 2144 989 2182 ea,
1042 2126 1252 2189 quoniam
1299 2122 1530 2170 confilium

129 2187 330 2238 nostrum
348 2207 442 2237 non
459 2194 708 2257 attingunt,
738 2211 826 2241 nec
841 2192 1079 2260 disputatio
1095 2189 1242 2238 nostra
1264 2196 1463 2251 attingat.

228 2261 321 2305 Iam
340 2261 538 2323 primum
556 2263 827 2310 Muratorius
848 2274 1010 2324 negat,
1049 2271 1124 2306 aut
1142 2263 1187 2306 in
1210 2260 1419 2318 Liturgiis
1445 2274 1528 2320 pro

132 2324 341 2374 omnibus
362 2329 550 2375 mortuis
575 2345 729 2393 preces
751 2329 868 2386 fieri,
912 2341 989 2376 aut
1006 2341 1175 2375 vet-eres
1199 2324 1419 2372 Ecclesiae
1438 2329 1531 2372 Do-

132 2392 280 2442 &ores
299 2393 395 2441 fieri
415 2394 612 2444 voluisse.
705 2401 826 2445 Nam
845 2415 942 2454 e03‚
984 2398 1059 2461 qui
1086 2394 1172 2442 {int
1200 2394 1330 2440 coelo
1349 2395 1533 2458 recepti,

64 2472 74 2481 ”
132 2478 228 2510 non
262 2463 462 2523 indigere
491 2462 693 2528 precibus
727 2463 907 2519 nostriS,
975 2481 1078 2510 cum
1115 2462 1281 2508 summa
1318 2461 1532 2508 felicitate

133 2530 352 2578 fruantur.
449 2533 598 2596 Itaque
626 2549 711 2596 pro
744 2534 795 2579 iis
819 2548 1046 2596 nunquam
1077 2547 1231 2596 preces
1259 2527 1415 2577 fastas:
1461 2529 1534 2576 sed

135 2613 296 2648 eorum
314 2607 488 2648 tantum
505 2616 611 2649 cum
627 2598 755 2648 laude
776 2612 823 2648 et
842 2602 931 2646 Dei
950 2610 996 2646 et
1011 2599 1206 2666 ipsorum
1226 2595 1323 2646 fieri
1342 2600 1533 2646 mentio·

834 2669 878 2716 G
911 2683 936 2730 ς
1422 2682 1530 2714 nem
