1682 3068
195 193 306 250 182'
496 205 783 241 vxxmeux
828 191 1079 242 'anm-nui
1111 210 1301 243 mvnu

199 314 414 362 laborant.
458 316 637 364 Etenim
656 327 759 364 ante
776 317 971 372 vicimuS‚
990 321 1184 382 primum
1204 318 1385 366 salutare
1405 317 1492 367 effe
1513 321 1602 385 pri·

201 385 336 430 vatim
356 399 406 429 ae
425 383 614 447 publice,
642 387 847 450 pietatem
868 388 1201 450 quamplurimis
1221 385 1366 434 modis
1386 389 1600 435 exerceri:

202 449 363 496 deinde
392 467 463 509 ea,
512 469 622 516 quae
648 469 730 518 per
764 451 805 499 se
830 455 920 501 vim
948 453 1239 510 exercendae,
1291 453 1603 519 proferendae,

202 517 522 582 augendaeque
547 523 718 585 pietatis
749 538 843 568 non
879 521 1088 576 habeant,
1135 522 1254 568 hanc
1283 524 1372 569 vim
1401 523 1602 586 accipere

202 583 328 651 posse
347 585 660 635 constitutione
691 588 858 652 aliqua:
907 589 1050 635 veluti
1069 589 1312 636 verborum
1341 590 1456 646 soni,
1495 606 1601 637 cum

201 651 292 702 fint
328 654 633 703 indifferentes
670 655 726 702 ad
767 673 1080 720 quamcunque
1123 673 1220 703 rem
1263 656 1600 718 significandam,

202 739 333 770 more
364 734 410 771 et
434 723 752 771 consuetudine
772 734 914 770 certae
934 727 997 770 rei
1018 724 1328 787 exprimendae
1346 741 1600 771 accommo-

205 787 299 838 dari
318 786 522 856 poffunt:
551 789 916 838 constitutionem
939 808 1077 856 porro
1097 789 1232 846 istam,
1255 792 1603 839 consentaneum

206 855 304 912 effe,
325 856 538 923 proficisci
558 876 580 904 a
591 861 691 906 Deo
711 857 828 921 ipso:
849 859 971 922 quod
990 861 1025 906 is
1038 857 1263 906 delestum
1281 861 1434 906 talium
1449 876 1601 906 rerum

206 937 253 973 et
271 927 443 991 optime
460 926 604 972 facere
621 926 775 992 poffit,
814 935 861 972 et
888 942 990 973 cum
1020 929 1204 973 maxima
1223 924 1503 974 autloritate:
1553 930 1601 974 in

203 991 405 1040 beneficii
434 992 627 1057 denique
662 994 765 1040 loco
796 991 881 1039 effe
921 993 1265 1049 numerandum,
1321 991 1352 1039 fi
1379 997 1503 1041 Deus
1539 996 1602 1041 ita

201 1060 345 1110 faciat.
443 1060 750 1114 Quamobrem
774 1062 960 1107 omnino
991 1059 1180 1108 liberum
1202 1062 1301 1108 Deo
1320 1060 1601 1111 iudicandum

204 1126 287 1185 est,
324 1130 599 1192 minimeque
622 1128 868 1175 abhorrens
897 1127 952 1175 ab
972 1129 1066 1175 eius
1083 1125 1379 1194 perfectione,
1422 1126 1603 1175 affioni-

201 1195 289 1246 bus
309 1198 438 1243 certis
465 1197 568 1257 lege
595 1196 791 1243 tribuere
819 1196 934 1242 hanc
953 1198 1063 1250 vim,
1103 1206 1152 1243 vt
1180 1197 1233 1243 iis
1263 1195 1481 1243 obeundis
1514 1196 1604 1244 coli

201 1275 340 1327 atque
359 1265 566 1311 honorari
588 1262 738 1328 poffi't,
769 1261 801 1309 fi
821 1264 929 1310 nihil
948 1262 1070 1320 infit,
1102 1261 1226 1328 quod
1246 1261 1455 1310 maiestati
1471 1261 1602 1330 ipsius

202 1330 482 1380 aduersetur:
531 1330 654 1396 quod
671 1346 776 1378 eum
805 1331 874 1378 vel
900 1327 1252 1392 commissurum,
1294 1330 1367 1381 vel
1396 1331 1600 1381 commit-

203 1409 299 1451 tere
316 1397 465 1469 posse,
503 1398 627 1451 nefas
648 1396 730 1459 est,
770 1399 841 1450 vel
861 1397 1072 1469 suspicari,
1409 1425 1412 1429 <
1489 1415 1491 1419 ⁴

308 1550 382 1583 ω.
413 1534 624 1583 Arbitrer
641 1535 824 1601 planum
844 1533 1027 1593 fastum,
1066 1533 1189 1600 quod
1205 1532 1481 1600 propositum
1495 1508 1604 1591 'ex-at,
1680 1553 1682 1569 2

204 1603 499 1668 intelligique,
529 1602 560 1650 fi
578 1604 736 1665 religio
755 1605 825 1651 vel
845 1605 1031 1651 maxime
1050 1603 1103 1649 ad
1114 1606 1260 1648 Deum
1281 1602 1425 1649 solum
1445 1601 1603 1648 refera-

205 1681 305 1726 tur,
341 1673 461 1718 nulla
482 1671 679 1718 hominis
694 1673 810 1717 ratio
830 1669 1065 1726 habeatur,
1107 1679 1256 1716 tamen
1277 1686 1422 1733 neque
1451 1687 1476 1717 a
1504 1671 1604 1716 iure
1680 1665 1682 1725 J

207 1736 381 1795 diuino,
423 1755 573 1803 neque
591 1738 643 1785 ab
664 1738 867 1801 sapientia
889 1748 935 1785 et
951 1736 1228 1796 benignitate
1247 1740 1340 1783 eius
1360 1736 1602 1784 abhorrere
1680 1736 1682 1795 ξ

204 1804 485 1871 superaddita
509 1802 750 1853 necessariis
779 1804 1001 1852 arbitraria
1020 1802 1182 1861 officia,
1222 1820 1358 1868 eaque
1381 1803 1436 1851 de
1465 1801 1602 1852 mulsa
1680 1815 1682 1824 '

204 1873 317 1922 haeo
334 1889 513 1937 quoque
533 1870 720 1919 studiose
740 1870 1068 1935 diligenterque
1093 1870 1178 1919 effe
1206 1871 1424 1918 seruanda.
1499 1870 1602 1926 Sed,

203 1950 253 1990 vt
272 1950 375 1988 ante
394 1940 603 1997 diximuS,
641 1940 795 2002 religio
815 1958 909 1988 non
939 1938 1077 1986 modo
1103 1938 1158 1986 ad
1177 1940 1261 1985 Dei
1291 1939 1484 1994 cultum,
1526 1937 1603 1986 sed

204 2011 339 2057 etiam
360 2007 415 2054 ad
435 2007 631 2055 hominis
649 2007 901 2055 felicitatem
924 2009 1134 2073 pertinet,
1162 2005 1382 2071 debetque
1402 2004 1488 2053 ess‘e
1504 2010 1604 2054 non

142 2126 151 2137 Ι
203 2074 345 2125 modo
365 2074 498 2138 digna
516 2071 735 2123 maiestate
759 2074 915 2132 diuina,
934 2092 1087 2122 verum
1109 2076 1243 2121 etiam
1264 2072 1602 2123 accommodata

203 2143 259 2191 ad
285 2154 484 2191 naturam
519 2143 778 2200 humanam,
829 2154 878 2190 vt
911 2141 1101 2189 colendo
1146 2142 1311 2206 pariter
1346 2148 1444 2207 apta
1464 2139 1528 2188 fit
1555 2150 1602 2187 et

205 2211 388 2260 colenti.
488 2217 698 2268 Quorum
717 2221 955 2275 Vtrumque
985 2208 1046 2256 est
1071 2208 1308 2265 eiusmodi,
1353 2223 1401 2256 vt
1438 2223 1601 2270 magna

203 2289 467 2341 argumenta
494 2279 720 2344 praebeat,
766 2295 817 2324 ex
849 2277 1009 2343 quibus
1037 2276 1227 2337 intelligi
1255 2274 1406 2342 ponit,
1461 2275 1602 2325 multa

200 2345 327 2413 poffe
344 2346 554 2394 constitui
577 2345 782 2393 diuinitus
801 2347 848 2393 in
868 2346 1081 2406 religione
1102 2353 1277 2408 praeter
1294 2342 1500 2389 naturalia
1517 2342 1602 2396 illa,

201 2430 315 2477 quae
333 2414 457 2479 saepe
477 2414 680 2469 diximus,
704 2411 872 2470 officia,
898 2411 1060 2476 quibus
1080 2409 1292 2473 neglestis
1314 2410 1437 2457 nullo
1459 2408 1602 2459 modo

198 2481 386 2528 felicitas
414 2483 558 2529 teneri
586 2480 733 2547 possit,
787 2483 833 2527 in
865 2497 1007 2545 eoque
1034 2483 1184 2526 Deum
1213 2488 1260 2525 et
1287 2480 1381 2524 iure
1412 2477 1513 2532 suo,
1552 2486 1601 2523 ee

199 2548 421 2609 sapienter
439 2550 610 2606 facere,
655 2559 700 2596 et
731 2551 917 2596 maximo
946 2546 1163 2595 beneficio
1185 2561 1322 2607 genus
1351 2544 1600 2591 humanum

198 2613 387 2665 afficere.
481 2619 679 2664 Primum
699 2617 837 2678 igitur
866 2615 1042 2663 fontem
1065 2614 1194 2661 huius
1214 2609 1600 2659 demonstrationis

199 2680 378 2734 nostrae
404 2681 624 2734 habemus
644 2692 839 2736 naturam
855 2685 1079 2754 felicitatis
1097 2682 1319 2738 humanae,
1363 2682 1602 2798 omnigoquo

1502 2763 1600 2796 ono·
