1682 3068
610 185 917 232 'rnxpnxcr
1121 208 1126 213 ·
1371 191 1470 245 379

8 302 48 369 sti*
70 309 209 363 tium:
231 307 440 358 aduersus
454 323 567 372 quos
585 307 811 370 praeclare
827 303 1115 363 demonstrat,
1135 315 1326 367 regnum
1344 305 1482 354 (Σὶιι-ἰ·ν

0 352 37 440 Ξἰ
74 377 141 434 sti,
170 376 292 441 quod
312 378 491 442 proprie
510 374 691 431 dicatur,
725 391 751 420 a
770 391 862 438 quo
880 373 1071 428 Meffias,
1099 377 1193 421 Rex
1210 385 1256 421 et
1276 371 1485 422 Christus

8 439 10 445 ¹
75 445 335 511 appelletur,
366 442 454 496 effe
476 453 626 491 totum
654 444 700 488 in
728 453 883 488 mente
915 442 1194 488 credentium
1229 458 1313 505 per
1336 443 1480 506 Spiri-.

75 524 174 577 tum
193 509 395 559 Sanstum
411 509 458 556 et
478 511 782 570 Euangelium.
852 511 1004 557 Paullo
1029 507 1128 574 post
1145 511 1385 574 Strigelius,
1418 526 1473 556 ex

79 582 176 633 eius
192 578 415 645 disciplina
430 590 570 633 ortuS,
601 578 718 624 idem
735 591 882 641 ,caput
910 576 1161 640 eodemque
1180 579 1283 624 loco
1306 593 1356 624 ac
1376 581 1490 623 mo-‘

78 647 139 700 do
166 645 373 702 trastan's,
404 645 572 693 addidit
598 645 764 692 ibidem
793 645 849 691 de
869 647 1123 700 Sacerdotio,
1158 657 1207 692 vt
1236 645 1474 692 sententias

4 727 8 731 '
44 746 47 749 «
77 716 324 778 scripturae
353 712 409 761 de
429 712 685 760 Sacerdotio
715 713 813 758 Iesu
842 714 1091 777 explicaret,
1125 710 1179 758 de
1210 729 1335 759 more
1356 725 1474 760 vete-

76 793 179 829 mm
206 783 612 829 Sententiariorum.
690 783 898 844 Denique
938 797 1009 826 res
1048 790 1228 844 vtraque
1266 782 1475 827 translata

80 847 204 900 estin
232 859 366 914 caput
395 848 452 895 de
477 849 575 896 Iesu
605 847 655 895 ad
686 847 1039 903 illuminandam,
1075 864 1130 893 an
1156 847 1477 895 obscurandam

74 925 263 982 partem,
296 916 353 962 de
370 921 510 980 opere
530 914 687 965 Christi
706 915 760 963 ad
784 917 965 964 salutem
986 918 1162 976 generis
1178 915 1362 962 humani
1381 933 1480 979 per-

76 986 276 1036 tinente3
310 984 466 1031 addito
484 988 618 1032 etiam
646 987 781 1031 tertio
813 985 867 1030 de
887 987 1132 1047 prophetico
1153 981 1321 1043 officio,
1354 983 1479 1047 quod

77 1053 304 1117 Strigelius
330 1054 380 1098 in
408 1052 652 1100 sacerdotio
682 1052 970 1113 intelligebat,
1004 1054 1187 1115 eiusque
1216 1062 1391 1116 partem
1419 1051 1479 1099 fa-

79 1118 237 1169 ciebat.
303 1122 358 1165 In
389 1137 483 1183 quo
511 1138 613 1168 eum
646 1119 784 1167 secuti
811 1122 910 1166 sunt
939 1120 1030 1175 alii,
1062 1120 1138 1184 qui
1164 1122 1255 1167 vim
1282 1121 1479 1185 nominis
1561 1145 1570 1154 ι

0 1195 1 1225 ἒ
23 1228 26 1232 .
78 1187 348 1259 prophetici,
382 1205 485 1235 cum
502 1191 736 1236 Seruatori
764 1190 939 1249 generis
969 1187 1151 1234 humani
1172 1190 1217 1234 in
1238 1189 1480 1252 Scripturis

79 1253 304 1309 tribuitur,
337 1269 430 1303 non
449 1253 791 1319 assequebantur,
829 1267 876 1303 et
902 1254 1148 1302 sacerdotes
1172 1254 1375 1302 Iudaicos
1399 1274 1483 1303 no·

81 1318 178 1368 stris
206 1319 364 1368 similes
401 1321 639 1384 fingendo,
681 1322 872 1370 docendi
912 1339 1075 1369 munus
1106 1325 1158 1369 iis
1185 1321 1483 1386 affignab‘ant3

82 1387 210 1453 quod
237 1391 291 1435 iis
319 1405 413 1435 non
445 1392 682 1446 conuenit,
726 1388 801 1437 nifi
833 1407 920 1454 qua
954 1390 1100 1449 legem
1129 1393 1483 1449 cerimoniarum,

83 1473 139 1502 ex
155 1472 245 1521 qua
263 1455 319 1502 de
337 1461 531 1520 peccatis
562 1475 809 1521 eorumque
841 1475 925 1522 per
945 1456 1148 1504 sacrificia
1167 1460 1366 1520 expiandi
1385 1476 1483 1507 mo-

85 1522 158 1579 do,
193 1525 471 1591 omninoque
489 1525 543 1572 de
571 1526 764 1573 cultibus
785 1527 1010 1580 Leuiticis‚
1043 1525 1383 1590 respondebant,
1418 1530 1484 1574 iu-

85 1590 204 1637 dices
231 1594 369 1653 magis
399 1605 447 1641 et
472 1594 663 1641 consulti
693 1594 825 1653 legis,
857 1611 990 1657 quam
1017 1592 1220 1641 dfflores
1248 1595 1483 1657 religionis

81 1658 320 1716 uniuersae,
351 1662 501 1724 quales
530 1659 704 1708 nostros
733 1659 980 1707 sacerdotes
1011 1661 1241 1708 habemus.
1319 1662 1407 1711 Sed
1435 1665 1483 1710 in

83 1725 169 1773 illis
187 1729 441 1778 nominibus
458 1726 680 1786 vniuersis,
708 1745 789 1794 per
807 1745 919 1792 quae
948 1746 1110 1776 munus
1131 1732 1379 1779 Seruatoris
1398 1733 1486 1778 no-

85 1790 159 1842 stu‘
182 1797 335 1859 partiri
361 1796 550 1859 placuit,
589 1796 689 1843 vsus
724 1797 940 1860 loquendi
966 1799 1291 1862 Scripturarum
1322 1815 1485 1864 parum

86 1860 160 1912 vel
184 1862 436 1911 intellestus
464 1865 536 1911 vel
563 1864 760 1911 seruatus
787 1862 872 1920 est,
900 1865 1088 1929 suntque
1114 1864 1225 1912 adeo
1254 1868 1486 1932 opinionIS

89 1927 269 1978 arbitrio
288 1930 469 1985 diuulsa,
502 1948 615 1993 quae
641 1933 688 1977 in
713 1932 798 1977 illis
818 1932 920 1979 sunt
939 1931 1298 1981 coniunffiffima„
1366 1934 1418 1981 Id
1435 1944 1489 1982 vt

90 1995 363 2056 intelligatur
389 1998 577 2060 planius,
609 2015 748 2062 pauca
777 1998 908 2063 super
936 2001 1019 2047 illis
1048 1999 1191 2048 verbis
1222 2005 1283 2049 ita
1312 2000 1486 2050 differe·

91 2078 206 2119 muS,
225 2073 276 2110 vt
293 2065 488 2128 primum
507 2063 562 2112 de
580 2065 849 2130 prophetico
869 2077 915 2111 et
929 2068 1058 2127 regio'
1071 2071 1255 2119 nomine
1275 2067 1490 2130 dicamus

91 2128 257 2180 deinde
273 2131 329 2178 de
346 2130 579 2179 sacerdotis
596 2134 891 2196 appellatione
911 2134 1178 2182 disseramus.

185 2200 276 2246 Iam
302 2200 497 2264 primum
529 2199 624 2246 satis
654 2198 843 2257 constat,
886 2217 989 2250 cum
1017 2206 1227 2250 Seruator
1251 2203 1490 2253 hominum

90 2263 313 2328 Propheta
335 2265 505 2322 dicitur,
539 2265 723 2314 verbum
742 2267 786 2314 id
805 2285 897 2315 non
918 2287 974 2317 eo
993 2270 1131 2317 modo
1162 2269 1247 2318 effe
1275 2273 1493 2336 accipien-

93 2329 219 2388 dum,
254 2351 345 2397 quo
366 2334 409 2382 id
429 2337 782 2383 communicatur
804 2352 910 2383 cum
929 2338 1018 2385 aliis
1041 2339 1206 2394 multis,
1226 2354 1330 2388 cum
1349 2341 1491 2387 omni-

64 2400 74 2458 ]
93 2398 203 2456 b‘us,
233 2402 311 2465 qui
338 2402 580 2451 voluntatis
609 2401 785 2451 diuinae
812 2404 868 2450 ad
895 2406 1100 2452 homines
1129 2408 1491 2470 interpretandae

89 2465 237 2517 ‘caussa
257 2467 364 2516 miffi
386 2469 499 2517 sunt.
567 2473 717 2518 Maius
738 2471 901 2535 aliquid
931 2473 1273 2535 intelligendum
1291 2473 1366 2530 est,
1396 2491 1494 2527 non

21 2537 29 2545 ¹
97 2542 191 2582 tam
207 2546 396 2600 propter
416 2536 627 2600 personae
648 2538 776 2603 supra
795 2548 969 2586 ceteros
1001 2558 1157 2588 omnes
1176 2544 1497 2605 excellentiam,

86 2599 175 2651 *fed
194 2613 381 2668 propter
399 2602 532 2668 ipsius
544 2609 742 2654 muneris
762 2624 814 2653 ac
833 2606 1055 2667 dignitatis
1078 2626 1132 2656 eo
1154 2610 1293 2669 verbo
1305 2610 1500 2671 designa-

88 2663 175 2723 be
188 2669 506 2741 praestantiam,
567 2676 738 2727 Brimus
759 2674 909 2727 Moses
925 2679 971 2724 in
993 2678 1136 2746 quinti
1162 2677 1261 2729 libri
1283 2679 1500 2726 duodeni«

1336 2744 1501 2798 cefimo
