1682 3068
342 157 404 188 η
438 150 738 186 nnmerum:
772 131 1189 184 consa-rivum
1361 144 1459 197 285

46 266 319 333 sapientiae,
357 264 559 329 pientiS,
598 271 646 308 et
663 262 863 315 virtutis,
900 270 1000 326 apta
1018 259 1318 324 vsurpantium
1338 257 1459 318 inge·

62 337 167 392 niis,
200 331 425 387 moribus,
466 331 599 377 etiam
619 325 912 392 temporibus.
1004 325 1179 383 Quibus
1199 323 1463 383 constitutis,

61 419 157 450 non
175 399 237 448 est
256 396 446 456 difficile,
464 407 699 461 Vtramque
717 394 875 442 ritibus
899 399 951 440 V.
970 399 1028 442 T.
1046 393 1243 442 asserere.
1289 400 1357 442 Ac
1377 410 1461 441 nos

60 487 159 519 non
184 471 466 531 ignoramus,
501 465 625 511 hune
652 464 828 519 locum,
873 463 1126 526 praesertim
1154 461 1301 529 quoad
1330 463 1462 509 inno·

62 538 255 586 eentinm
278 535 480 594 attingit,
522 528 755 578 tnaatum
786 527 873 577 ess’e
902 546 925 575 a
945 528 1207 594 quibusdam
1230 532 1463 587 Britannis,

62 608 139 671 qni
157 603 359 651 aduersus
383 603 616 649 dealium
645 597 724 647 fibi
752 607 979 646 certamen
1010 597 1280 656 sumserunt,
1316 602 1362 647 in
1394 599 1464 645 his

62 691 89 720 a
107 676 198 721 Iac.
216 670 412 735 Fqstero,
442 685 532 729 cap.
555 685 586 725 4
608 677 652 716 et
675 685 714 725 5.
748 665 820 714 sed
844 666 939 711 eius
959 664 1207 729 disputatio,
1241 663 1319 714 etsi
1336 670 1466 714 inno-

63 742 253 788 centiam
269 732 386 785 bene
403 734 626 791 defendit,
652 734 776 799 quod
798 730 862 778 est
877 732 1155 790 facillimum,
1187 747 1337 782 tamen
1361 735 1466 782 salu-

61 808 269 856 britatem
297 805 428 852 nimis
455 800 585 850 arffls
614 800 779 850 finibus
799 798 1080 863 constringit,
1113 812 1256 850 totam
1287 819 1466 866 ponens

61 878 110 924 in
129 873 360 941 perspicua
383 882 431 919 et
458 879 672 937 perpetua
700 865 975 918 seiunstione
991 867 1253 918 ludaeorum
1282 870 1336 917 ab
1359 888 1467 932 gen·

60 942 182 991 tibus
202 941 380 997 ceteris,
412 955 525 1004 quae
545 940 727 985 veritate
745 938 976 999 religionis
995 950 1215 994 carerent,
1259 949 1307 986 et
1321 955 1466 987 reme-

62 1009 140 1058 dio
157 1008 454 1068 idololatriae3
493 1009 620 1053 cuius
642 1007 871 1071 Vtriusque
898 1004 1192 1053 necessitatem
1220 1008 1274 1054 ad
1296 1007 1469 1055 conset·

62 1076 247 1126 vandum
278 1077 326 1123 in
353 1075 426 1122 illa
453 1085 592 1136 gente
627 1076 891 1135 religionem
924 1090 1073 1122 veram
1102 1072 1219 1122 bene
1251 1074 1467 1123 defendit.

62 1150 216 1210 Itaque
235 1161 330 1192 non
347 1143 541 1190 alienum
561 1145 831 1208 putauimus‚
851 1141 975 1188 hunc
990 1142 1144 1192 locum
1156 1141 1309 1191 nostro
1328 1144 1468 1191 modo

63 1229 117 1260 ex
150 1215 290 1260 licare.

117 1230 148 1279 P
166 1286 243 1339 96.
285 1281 346 1325 Et
374 1279 419 1324 in
447 1281 675 1325 innocentia
702 1277 882 1342 quidem
906 1277 1090 1338 longam
1119 1276 1468 1344 disputationem

67 1348 383 1412 superuacuam
411 1343 516 1391 facit
533 1355 580 1391 et
606 1347 670 1391 rei
697 1342 831 1409 iplius
858 1347 1165 1409 perspicuitas,
1203 1357 1252 1394 et
1281 1344 1470 1396 instituti

68 1412 205 1462 nostri
222 1415 360 1470 ratio,
404 1410 527 1476 quod
534 1412 831 1475 salubritatem
851 1415 987 1473 magis
1010 1416 1210 1474 attingit,
1251 1432 1382 1479 quam
1403 1417 1470 1462 in·

68 1484 348 1536 nocentium
385 1495 653 1544 quamquam
679 1480 749 1527 illa
777 1482 823 1527 in
852 1481 982 1528 huius
1001 1481 1148 1530 yeluti.
1168 1481 1471 1530 fundamentis

68 1547 274 1598 eonfistit.
321 1551 441 1594 Nam
461 1558 603 1595 totam
623 1547 742 1595 illam
761 1550 1103 1596 cerimoniarum
1122 1549 1470 1606 multitudinem,

67 1615 217 1684 'quoad
244 1617 295 1664 iis
323 1616 599 1678 acquieuerit
624 1615 851 1663 Isra‘e‘litica
879 1618 1027 1671 natio,
1068 1633 1154 1663 nec
1178 1618 1231 1664 ab
1261 1619 1312 1666 iis
1339 1620 1385 1667 se
1413 1616 1470 1666 ad

67 1687 175 1734 alios
192 1687 303 1731 ritus
325 1682 494 1730 traduci
523 1680 638 1746 pnffa
657 1680 728 1738 fit,
765 1684 1031 1731 inuiolatum
1058 1683 1277 1750 reliquilse
1312 1703 1470 1735 verum

69 1753 127 1801 de
142 1756 240 1799 Deo
258 1767 359 1808 vno,
374 1747 595 1808 inuifibili,
627 1750 779 1798 mundi
799 1750 992 1808 austere,
1024 1762 1071 1799 et
1092 1770 1243 1801 rerum
1265 1757 1470 1803 omnium

68 1820 401 1872 conset-nature,
438 1817 628 1876 sensum,
657 1836 804 1883 eoque
818 1819 876 1865 de
894 1821 1163 1885 praescripto
1186 1821 1341 1886 ipsius,
1380 1825 1472 1888 pie·

69 1897 183 1942 tate,
227 1885 504 1940 obedientia,
545 1897 593 1933 et
612 1889 776 1936 virtute
795 1887 1007 1944 colendo,
1051 1906 1121 1935 res
1144 1891 1235 1954 ipsa
1253 1889 1469 1938 declarat:

64 1972 156 2002 nec
173 1970 224 1999 ee
242 1968 311 2000 res
332 1953 463 1999 vllam
483 1952 802 2002 dubitationem
824 1955 971 2019 potest
993 1956 1169 2004 habere.
1239 1959 1368 2006 Nihil
1389 1961 1469 2020 igi-

70 2032 147 2069 tur
163 2021 239 2069 hic
253 2021 346 2066 vitii
367 2017 451 2076 est,
494 2018 565 2065 sed
585 2022 760 2069 innoxia
779 2025 942 2069 omnia.
1043 2027 1157 2071 Cum
1177 2036 1328 2073 autem
1361 2027 1472 2073 haec

70 2087 126 2136 {it
141 2086 318 2135 indoles
338 2087 508 2147 ingenii
531 2087 738 2145 humani,
770 2091 1019 2154 praesertim
1040 2091 1201 2156 plebeii
1220 2104 1267 2140 et
1286 2091 1471 2152 indoffl,

70 2170 122 2203 vt
139 2153 415 2202 adhaerescat
433 2151 566 2201 rebus
586 2153 873 2214 sensibilibus,
908 2157 1101 2208 oblitum
1121 2160 1472 2221 intelligibilium

71 2234 119 2273 et
133 2217 389 2271 coelestium
402 2257 414 2278 ,
443 2223 487 2268 in
506 2221 681 2287 illisque
700 2234 840 2273 totam
860 2226 1118 2287 religionem
1136 2239 1181 2273 et
1197 2227 1473 2278 sanaitatem

69 2300 232 2358 ponat,
260 2299 308 2337 et
326 2290 436 2355 poni
458 2291 627 2354 cupiat,
656 2302 916 2356 propterea,
945 2293 1068 2358 quod
1086 2294 1258 2343 facilius
1278 2294 1351 2352 est,
1371 2313 1471 2343 cor-

134 2375 184 2406 re
203 2373 357 2418 agere,
391 2358 520 2421 eique
548 2359 788 2423 imperare,
817 2377 949 2423 quam
979 2365 1152 2409 animo:
1190 2375 1372 2411 cautum
1405 2363 1471 2412 est

66 2374 138 2474 Hi}
156 2423 453 2472 incommodis
474 2423 714 2485 diligenter
732 2429 777 2473 in
798 2427 871 2474 illa
893 2428 985 2492 ipsa
1004 2429 1239 2491 religione,
1253 2449 1338 2498 per
1346 2448 1470 2498 prae·

72 2503 203 2559 cepta
221 2491 461 2546 eiusmodi,
498 2508 615 2554 quae
637 2494 770 2558 plane
795 2506 844 2542 et
871 2496 1019 2543 seuere
1039 2496 1279 2556 docerent,
1317 2501 1470 2556 inillis

72 2561 324 2608 cerimoniis
344 2575 437 2608 non
455 2556 540 2605 ess‘e
559 2562 796 2618 maximum
815 2562 987 2611 cultum
1008 2567 1103 2622 Dei,
1123 2576 1200 2613 aut
1215 2576 1376 2626 totum,
1396 2566 1470 2616 sed

71 2627 207 2691 longe
223 2629 388 2675 maiora
400 2624 485 2674 else
499 2630 692 2686 interna,
728 2645 840 2696 quae
863 2642 1018 2679 mente
1041 2641 1088 2680 et
1111 2635 1261 2686 animo
1281 2653 1468 2702 perage-

1295 2716 1467 2763 rentur,
