1682 3068
184 149 283 196 492
553 148 618 182 nrt
660 149 967 193 mansura:
1005 149 1217 182 meam!

182 254 356 304 inutilis
375 253 520 310 habet,
553 271 686 320 quam
708 272 846 314 verae,
880 265 925 303 et
951 256 1171 324 sapientis,
1204 268 1251 306 et
1269 257 1589 323 vtilis‘publice

185 324 430 372 libertatis:
463 322 726 371 insolentior
753 341 879 379 vero,
911 337 956 372 et
987 328 1289 388 arrogantium
1309 337 1357 373 et
1381 328 1588 392 petulan-

187 396 302 446 tior,
333 393 464 438 etiarn
494 389 738 453 castiganda
766 390 827 439 est
853 401 900 438 et
927 398 1104 457 penitus
1133 393 1360 443 eiicienda.
1428 397 1587 458 Itaque

189 476 358 513 omnes,
370 461 445 523 qui
467 458 696 506 salubriter
716 456 994 525 eti-sapienter
1013 464 1078 509 vti
1098 461 1312 508 libertatis
1324 461 1447 509 bono
1463 466 1507 508 in
1520 478 1586 508 re-

185 526 271 575 bus
282 526 442 574 talibus
455 526 603 585 velint,
615 537 797 593 oportet
806 529 973 575 animos
985 529 1037 575 ad
1052 531 1165 577 hanc
1178 527 1413 576 modestiae
1425 540 1470 575 et
1480 530 1586 576 leni·

185 597 286 642 tatis
306 594 669 660 tranquillitatem
689 611 973 660 componere,
994 599 1039 643 in
1063 599 1320 661 primisque,
1339 595 1370 643 {i
1391 599 1468 660 qui
1486 596 1586 643 sunt

117 700 121 713 ,
186 661 426 711 acrioribus
439 664 639 724 ingeniis,
651 662 940 728 celerioriq'ue
950 676 1110 722 natura,
1123 676 1168 712 et
1180 662 1328 712 adhuc
1338 665 1587 711 feruentae-

185 741 292 788 tate,
315 742 362 776 vt
379 730 448 777 vel
468 729 730 794 exspestent,
755 741 852 778 tum
882 732 926 777 in
948 733 1196 791 iudicando,
1226 744 1324 780 tum
1354 735 1399 780 in
1420 731 1585 779 iudicio

186 798 266 846 suo
288 797 686 863 proferendo‚dum
707 799 782 847 ille
803 799 956 846 feruor
974 799 1167 856 relideat,
1181 817 1260 865 per
1279 818 1413 864 quem
1425 811 1516 847 tam
1529 799 1587 846 fa-

189 867 272 916 cile
284 867 624 931 praecipitantur
641 867 815 927 ingenia
834 869 1012 931 optima,
1023 867 1224 915 bonitate
1243 870 1414 928 ingenii
1427 884 1508 932 per
1520 866 1585 913 lu-

186 934 354 982 xuriam
364 946 465 980 ante
478 931 781 990 euanescente,
793 941 924 997 quam
939 934 1113 995 frugem
1123 935 1286 983 bonam
1300 937 1431 982 edere
1443 932 1587 999 poffit,

186 1002 258 1049 vel
278 1000 517 1047 identidem
549 1001 590 1047 se
610 1004 654 1047 in
675 1012 840 1048 conatu
865 1001 1082 1049 iudicandi
1109 1013 1326 1069 reuocent
1342 1003 1397 1050 ad
1417 1017 1587 1063 cogno·

185 1067 334 1116 scendi
352 1068 624 1129 diligentiam
645 1079 690 1114 et
709 1069 1002 1124 seueritatem,
1035 1080 1081 1116 et
1097 1070 1223 1117 il'l'u'm
1244 1071 1389 1118 bonae
1405 1079 1587 1116 naturae

187 1135 452 1199 gestientem
481 1138 726 1200 impetum,
769 1137 892 1183 velut
918 1134 1120 1198 generofi
1148 1140 1253 1202 equi
1279 1138 1508 1192 ferociam,
1538 1137 1587 1181 in

182 1203 574 1252 arenaidiuturnae
594 1214 641 1250 et
659 1203 833 1251 seuerae
851 1207 1172 1253 exercitationis
1195 1205 1392 1268 fatigent,
1414 1220 1499 1250 nec
1516 1219 1587 1249 ve-

184 1273 271 1320 lint
291 1281 393 1317 ante
414 1287 507 1319 non
528 1272 666 1319 modo
686 1270 908 1327 dostoreS,
941 1272 1012 1319 sed
1033 1275 1164 1321 etiam
1192 1272 1504 1319 emendatores
1526 1269 1589 1316 es*-

186 1340 232 1388 se
253 1344 300 1385 'et
316 1338 644 1398 reformatores,
672 1338 803 1404 quam
833 1338 908 1403 ipsi
939 1339 1039 1397 fint,
1068 1341 1122 1388 ad
1150 1357 1298 1388 veram
1317 1355 1521 1387 normam
1542 1345 1590 1384 et

187 1407 400 1468 regulam,
434 1407 588 1454 multis
609 1408 765 1463 literis,
779 1419 827 1454 et
842 1406 1060 1455 diuturno
1074 1410 1318 1466 literarum,
1336 1408 1595 1455 diuinarum

185 1477 388 1531 maxime,
423 1488 558 1538 atque
587 1477 719 1523 etiam
747 1476 1051 1532 humanarum,
1078 1477 1154 1524 vsu
1182 1476 1408 1523 emendati
1434 1473 1591 1521 ef‘for-

187 1545 309 1591 mati.
377 1543 520 1590 Aliter
541 1540 697 1591 veram¹
717 1542 971 1591 liber-tatem
998 1560 1092 1590 non
1111 1543 1338 1600 tenebunt,
1372 1541 1451 1591 sed
1464 1540 1517 1588 ad
1537 1542 1595 1588 li-:

189 1612 388 1658 centiam
412 1627 498 1656 nec
520 1613 920 1676 opinantesruent.
989 1612 1091 1658 Scio
1112 1628 1183 1658 me
1213 1611 1331 1658 hanc
1349 1625 1504 1675 pamm
1523 1610 1588 1654 iu-

189 1677 383 1726 cundam
404 1678 672 1740 disciplinam
693 1674 906 1726 libertatis
933 1674 1224 1743 capessendae
1246 1689 1293 1725 et
1315 1674 1588 1722 exercendae

188 1745 356 1793 sancire
374 1740 564 1804 ingeniis
582 1746 762 1801 talibus·;
796 1744 868 1791 sed
890 1763 982 1792 non
1003 1744 1065 1790 est
1076 1744 1155 1791 alia
1166 1749 1288 1801 'ver-a,
1321 1754 1368 1791 et
1389 1740 1586 1798 honesta,

190 1823 240 1860 et
264 1812 465 1865 salutaris,
495 1828 581 1861 nec
610 1814 749 1859 nimis·
772 1812 925 1860 seuere
952 1813 1098 1859 caueri
1127 1813 1323 1859 veritatis
1351 1810 1523 1868 diuinae
1539 1819 1589 1856 et

191 1880 422 1942 religionis
442 1879 661 1927 securitati
680 1876 838 1943 potest.
1193 1887 1206 1899 '

266 1945 268 1950 ’
292 1952 456 2011 Neque
483 1957 632 1994 tamen
658 1949 704 1993 in
735 1947 817 1993 hac
846 1946 1075 2003 seueritate
1101 1948 1162 1994 ita
1188 1946 1336 1994 sumus
1353 1944 1509 2002 acerbi,
1541 1952 1592 1992 vt

191 2015 303 2065 nihil
324 2017 544 2062 humanae
557 2025 738 2062 naturae
756 2014 1044 2061 imbecillitati
1063 2014 1372 2069 concedamus,
1382 2029 1468 2077 nec
1485 2027 1592 2059 con-

192 2085 348 2131 donari
376 2084 614 2147 quicquam
644 2081 697 2128 ab
721 2084 804 2129 hac
830 2083 895 2129 via
922 2081 1222 2129 aberrantibus
1244 2083 1446 2129 velimus.
1514 2081 1593 2126 Εἰ·Δ

190 2153 312 2198 enim
330 2150 484 2197 multis
506 2150 560 2195 de
581 2149 729 2196 cauffis
749 2148 946 2197 accidere
965 2148 1119 2214 potest,
1154 2159 1202 2196 vt
1220 2149 1277 2196 de
1294 2146 1412 2196 reRa
1430 2150 1500 2195 via
1517 2145 1591 2195 vel

191 2219 431 2274 declinent,
465 2218 538 2264 vel
555 2219 685 2264 etiam
704 2216 991 2282 depellantur,
1012 2220 1091 2280 qui
1110 2216 1163 2264 ab
1182 2218 1360 2264 licentia
1379 2212 1592 2279 opinandi

190 2297 293 2335 toto
315 2287 466 2332 animo
489 2284 589 2332 sunt
608 2285 755 2332 alieni.
819 2286 1016 2331 Primum
1036 2286 1216 2342 nemini,
1251 2299 1324 2347 ner
1339 2279 1590 2342 doffiffimo

191 2352 389 2418 quidem,
425 2355 486 2399 ita
511 2363 691 2400 cautum
720 2349 782 2399 est
810 2351 864 2399 ab
896 2368 1058 2408 errore,
1090 2363 1138 2399 vt
1157 2367 1388 2416 nunquam
1410 2349 1592 2405 labatur,

169 2419 357 2468 etiamsi
377 2422 526 2467 omnia
544 2420 781 2481 diligenter
808 2418 1150 2484 circumspiciat:
1186 2430 1235 2467 et
1250 2417 1473 2466 interdum
1493 2416 1592 2480 spe-

193 2492 262 2535 cie
287 2489 379 2534 veri
400 2486 684 2551 decipiuntur
702 2485 941 2535 acutiffima
960 2490 1153 2548 ingenia.
1204 2484 1434 2534 Insidiatur
1454 2485 1588 2531 etiam

191 2557 381 2616 ingeniis
414 2555 649 2619 praeclaris
674 2556 952 2621 impatffentia
978 2572 1147 2610 morae,
1184 2555 1231 2601 in
1261 2548 1590 2601 difficultatibus

192 2623 449 2690 praesertim
477 2621 703 2672 tollendis.
781 2626 934 2689 Itaque
975 2620 1027 2669 ab
1061 2639 1111 2670 ea
1139 2619 1366 2670 interdum
1401 2613 1592 2729 oppres}

1342 2699 1349 2707 ³
1535 2700 1558 2731 a
