1682 3068
136 183 234 231 422
440 187 518 218 Ar>
551 175 588 221 Ι.
626 164 760 221 eon.
794 190 919 224 xxv.
960 193 1033 224 ms
1070 194 1240 225 nono

139 307 347 354 graecae,
389 310 501 357 quae
532 294 607 343 sibi
634 298 720 344 iam
742 306 843 345 ante
865 299 1142 348 Graecorum
1170 303 1409 366 imperium
1426 303 1541 355 viam

137 361 187 408 in
209 378 281 406 eas
312 364 519 422 regiones
549 381 629 429 per
659 370 942 422 commercia,
984 386 1099 433 quae
1128 370 1409 435 temporibus
1439 377 1546 421 anti-

141 426 350 492 quiffimis
384 431 544 477 Graeci
573 433 622 480 in
651 433 854 482 omnibus
880 437 1075 498 partibus
1105 447 1322 484 terrarum
1349 435 1545 487 institue-

143 506 246 544 rant
261 533 270 550 ,
314 497 372 542 ita
390 499 684 562 patefecerat,
713 512 762 550 vt
781 504 917 550 multa
936 505 1029 551 eius
1052 504 1184 552 verba
1203 507 1250 552 in
1272 505 1546 555 chaldaicum

144 563 398 613 sermonem
417 568 731 631 reciperentur.
800 574 851 616 In
871 588 961 635 quo
982 570 1207 619 auffiorem
1232 574 1449 620 habemus
1460 579 1548 622 Da-

146 631 336 686 nielem,
376 635 424 680 in
455 637 577 683 cuius
605 636 718 685 libro
741 654 894 699 graeca
921 640 1138 704 quaedam
1157 640 1290 689 verba
1316 644 1548 706 reperiun-

149 710 227 746 tur
247 698 466 748 chaldaica
485 702 652 761 forma;
695 723 807 770 quae
828 709 959 754 etiam
983 707 1239 756 adnumerat
1258 712 1303 756 in
1325 713 1550 759 Exercita-

152 770 334 816 tionibus
353 779 498 818 contra
517 773 749 820 Barom'um
761 792 804 836 p.
820 792 926 832 434.
950 776 1229 838 Cafizubonus.
1299 777 1386 824 sed
1406 775 1437 823 fi
1460 796 1549 825 ma-

151 836 271 881 xime
292 852 405 900 opus
424 848 518 884 erat
535 838 687 900 lingua
708 839 928 888 chaldaica
955 856 1030 890 aut
1057 842 1182 889 simili
1207 843 1414 900 delean,
1456 863 1551 894 non

151 904 294 964 magis
318 903 488 951 necess‘e
508 919 621 963 erat,
651 925 747 954 eam
769 907 868 973 ipfis
888 908 1060 956 insundi
1079 910 1303 960 diuinitus.
1376 916 1439 959 Ex
1460 930 1550 977 quo

153 969 229 1024 fit,
267 981 314 1018 vt
344 971 397 1019 ad
433 973 628 1020 docendi
657 977 878 1023 rationem
906 994 1000 1024 non
1030 976 1312 1027 desiderarint
1348 979 1551 1043 Apostoli

154 1037 408 1154 lifsisguarum
450 1041 702 1102 scientiam,
769 1061 903 1109 quam
938 1060 1049 1111 quas
1082 1047 1129 1093 in
1169 1048 1309 1112 patria
1341 1048 1415 1095 vsu
1446 1047 1554 1095 didi-

142 1121 198 1152 -ει
233 1117 322 1155 ent.

255 1246 362 1290 Nec
391 1245 536 1292 minus
565 1245 641 1295 hic
657 1247 801 1295 valere
836 1245 969 1296 debet
1007 1245 1254 1295 obseruatio
1283 1256 1557 1299 commemo-

157 1319 251 1358 rata
271 1313 435 1368 multis,
468 1315 604 1378 quiin
624 1316 802 1376 linguae
822 1332 1002 1377 graecae
1012 1332 1286 1381 peromnem
1297 1317 1452 1365 orbem
1474 1330 1561 1378 ter·
1638 1359 1641 1366 2

156 1394 306 1426 rarum
338 1384 662 1445 propagatione
692 1385 812 1430 cerni
839 1384 984 1430 dixere
1013 1383 1340 1448 prouidentiam
1370 1385 1560 1450 aliquam

158 1444 377 1502 diuinam,
414 1452 655 1498 munientis
676 1453 918 1512 Euangelio
940 1453 1050 1498 viam
1070 1469 1151 1516 per
1172 1469 1354 1500 omnem
1377 1465 1560 1501 terrama

160 1514 285 1579 quod
304 1517 430 1563 aliter
449 1518 638 1579 intelligi
657 1535 751 1565 non
773 1516 939 1582 potest,
959 1536 1090 1583 quam
1113 1519 1235 1584 quod
1246 1520 1404 1568 Christi
1424 1521 1562 1582 legati

78 1584 86 1587 ⁷
160 1597 248 1630 vna
264 1583 336 1630 illa
354 1584 505 1647 lingua
524 1586 619 1633 satis
639 1584 832 1634 instruffi
844 1585 982 1634 essent
1001 1586 1055 1632 ad
1068 1588 1216 1634 omnia
1236 1588 1332 1635 loca
1351 1587 1562 1642 adeunda,

162 1661 212 1696 et
233 1661 389 1712 gentes
406 1669 564 1701 omnes
585 1653 845 1701 imbuendas
866 1655 1092 1718 disciplina
1114 1652 1285 1701 Christi.
1363 1654 1500 1711 Quod
1530 1652 1563 1701 si

164 1715 252 1775 est,
295 1735 391 1766 non
420 1721 472 1766 iis
494 1737 609 1784 opus
639 1721 723 1768 fuit
751 1720 871 1768 dono
899 1723 1143 1781 linguarum
1172 1722 1376 1780 aliarum,
1418 1733 1466 1768 vt
1498 1725 1564 1769 in-

163 1782 415 1833 strumento
437 1789 634 1835 muneris
655 1787 920 1852 Apostolici,
952 1791 1070 1835 inter
1089 1800 1244 1848 gentes
1265 1787 1470 1836 docendo
1492 1805 1565 1850 ge-

134 1905 136 1907 ,
163 1851 305 1900 rendi.
374 1856 510 1901 Certe
528 1856 710 1919 planum
728 1853 811 1911 est,
843 1857 895 1902 iis
916 1856 1035 1902 nulla
1054 1872 1170 1902 noua
1189 1868 1265 1903 aut
1280 1857 1369 1913 alia,
1389 1867 1565 1921 praeter

164 1922 352 1985 patriam
373 1933 419 1968 et
435 1938 651 1983 graecam,
681 1925 829 1986 lingua
849 1941 961 1988 opus
982 1920 1103 1970 fuiss‘e
1123 1921 1332 1970 omnibus
1355 1926 1400 1970 in
1420 1924 1568 1984 regio-J

164 1986 319 2043 nibus,
363 2007 389 2036 e
411 1989 569 2053 quibus
588 1989 755 2047 Iudaei,
800 2002 876 2038 aut
900 1990 1024 2037 sacris
1043 1991 1228 2037 Iudaicis
1251 1989 1433 2048 addiffl,
1474 2007 1567 2038 me-

165 2051 442 2104 morantura
464 2062 591 2105 Luca.
639 2062 744 2105 Nec
761 2057 971 2105 videntur
989 2056 1208 2121 Apostoli,
1227 2055 1258 2104 fi
1278 2062 1408 2106 certis
1428 2057 1566 2106 modo

169 2120 430 2172 testimoniis
453 2126 640 2174 velimus
661 2128 765 2182 niti,
802 2127 914 2173 vltra
943 2127 1114 2173 illarum
1143 2128 1378 2186 regionum
1411 2128 1566 2173 termi-

169 2206 254 2238 nos
286 2191 502 2256 progreffi
531 2193 635 2249 effe,
677 2193 750 2240 sed
768 2192 962 2240 fundatis
981 2190 1180 2240 Ecclefiis
1200 2191 1458 2253 christianis,
1479 2209 1571 2257 qua

168 2268 295 2323 parte
327 2259 596 2309 Iudaeorum
623 2261 732 2308 olim
759 2261 880 2309 velut
908 2261 1111 2308 coloniae
1135 2258 1330 2314 fuissent,
1363 2261 1471 2316 illis,
1521 2270 1568 2307 et

169 2323 271 2391 post
287 2325 356 2374 fut
372 2329 458 2380 vt‘s,
494 2330 620 2377 latius
639 2326 912 2393 propagandi
931 2329 1159 2390 Euangelii
1179 2328 1374 2375 laborem
1395 2344 1566 2375 curam·

170 2336 511 2460 qumffiqfusiffe.
579 2401 630 2443 In
651 2395 895 2444 Occidente
915 2406 1035 2442 certe
1054 2412 1146 2442 non
1167 2393 1250 2442 effe
1269 2395 1445 2442 vlterius
1464 2410 1570 2460 pro·

172 2459 362 2521 gress‘os,
404 2463 504 2510 satis
526 2462 706 2511 constat.
801 2462 885 2509 Sed
905 2464 947 2510 id
969 2463 1277 2528 qualecunque
1295 2460 1368 2520 fit,
1409 2478 1569 2526 parum

169 2531 322 2593 vtique
341 2530 494 2580 refert.
560 2530 676 2578 Illud
695 2534 846 2594 potius
867 2530 1108 2577 videndum
1132 2527 1206 2586 est,
1228 2540 1289 2584 vt,
1307 2527 1338 2576 si
1360 2529 1569 2576 charisma

173 2595 428 2658 linguarum
448 2616 542 2645 non
572 2598 725 2646 habuit
745 2598 926 2662 proprie
950 2596 1139 2644 docendi
1160 2596 1316 2653 finem,
1354 2607 1431 2643 aut
1446 2595 1571 2644 vsum

175 2666 293 2713 inter
313 2676 470 2726 gentes
483 2703 494 2724 ,
521 2683 710 2732 quarum
730 2666 901 2729 linguas
919 2682 1014 2714 non
1035 2662 1277 2715 didicissent
1285 2700 1296 2722 ‚
1325 2680 1417 2730 quo
1437 2664 1572 2779 iggtur

1513 2748 1571 2780 ne
