1682 3068
198 163 274 210 44-
828 166 1039 199 Ana-1

191 273 450 318 Sacramenti
470 269 606 318 verbo
629 270 742 319 nihil
761 238 877 320 aliud
897 271 1145 334 signif-icari,
1177 290 1311 338 quam
1321 277 1492 342 fignum
1509 278 1598 345 vffi-
1664 303 1670 326 ·,

190 342 288 393 bile,
329 341 567 386 continens
597 337 763 387 donum
792 340 1020 389 diuinum:
1058 358 1222 406 panem
1253 354 1300 389 et
1329 345 1480 390 vinum
1512 342 1596 392 effe
1668 371 1669 374 =

190 403 334 466 figna,
409 423 519 467 quae
554 423 719 471 corpus
763 417 809 455 et
849 408 1104 470 sanguinem
1134 407 1291 456 Christi
1321 411 1595 472 contineant,
1663 426 1670 433 ·’

189 478 322 520 etiam
350 472 451 537 post
467 475 862 531 consecrationem,
905 493 1153 541 quanquam
1181 494 1339 524 eorum
1363 476 1595 528 substantia

183 540 238 588 fit
257 545 302 589 in
332 559 499 607 corpus
519 554 566 590 et
587 543 845 604 sanguinem
866 543 961 592 Iesu
983 542 1139 592 Christi
1162 545 1387 593 conuersa.

284 609 754 674 Primo,'quamquam
784 613 830 658 in
853 613 976 658 omni
998 612 1295 668 sacramento,
1338 612 1474 677 quod'
1498 617 1591 678 qui-

182 675 285 724 dem
314 679 500 742 proprie
528 696 552 725 a
583 679 839 739 Theologis
881 679 1063 735 dicitur,
1111 677 1174 725 est
1214 677 1388 741 signum
1415 679 1590 739 vilibile,
1668 732 1670 734 ,

179 756 329 791 tamen
351 745 606 793 sacramenti
628 763 713 793 vox
731 746 841 809 ipsa,
876 747 1133 811 praesertim
1151 746 1243 794 hoc
1267 749 1312 794 in
1335 749 1460 805 loco,
1489 766 1587 797 non

176 813 306 860 sonat
322 813 408 861 tale
426 814 554 876 quid:
595 814 762 879 alioqui
781 812 1020 862 dicendum
1039 815 1178 872 foret,
1214 831 1319 862 mox
1347 816 1585 880 mfferium

175 879 295 928 idem
314 879 567 942 significare.
629 885 750 928 Nam
769 881 936 928 clarum
956 880 1037 938 est,
1069 882 1193 945 quod
1211 894 1318 929 ante
1338 886 1584 932 Sacramen·
1666 922 1668 927 ,

175 958 264 997 tum
301 949 350 999 C.
381 958 428 1003 et,
449 952 493 996 S.
519 949 717 1005 dicatur,
765 947 885 994 idem
915 948 1013 1013 post
1042 949 1276 1014 mysterium
1311 951 1359 998 G
1389 961 1433 998 et
1459 955 1504 1000 S.
1535 955 1583 1003 C.
1656 999 1658 1002 ,

173 1018 331 1064 vocari.
400 1021 582 1064 Poterat
603 1017 770 1075 discere
796 1034 892 1063 rem
924 1035 949 1064 e
978 1019 1082 1064 loco
1109 1017 1353 1081 Augqslini‚
1398 1017 1454 1064 de
1487 1036 1581 1082 quo

170 1093 278 1146 mox
305 1087 377 1149 (p.
408 1102 424 1131 1
441 1089 537 1144 ιο»)
569 1086 646 1151 ista
665 1087 843 1149 fratres
860 1089 947 1132 ideo
967 1089 1157 1133 dicuntur
1167 1086 1455 1146 fizcramenta,
1483 1091 1580 1150 quid

90 1184 96 1191 ι
167 1157 211 1199 in
242 1156 294 1199 iis
323 1154 438 1199 aliud
461 1156 645 1210 videtur,
682 1155 797 1200 aliud
823 1155 1098 1217 intelligitur:
1139 1153 1420 1218 ibidemque,
1451 1158 1581 1216 panis

167 1230 210 1266 et
227 1222 337 1268 calix
358 1238 536 1286 magnae
555 1224 618 1267 rei
622 1220 926 1283 fizcrumentum
946 1225 1156 1268 continere
1176 1219 1347 1268 dicitur.
1380 1220 1466 1268 Sed
1488 1221 1579 1272 hoc

166 1286 333 1334 cauffae
366 1290 515 1335 neutri
543 1305 688 1352 neque
718 1285 861 1340 obest,
909 1305 1057 1351 neque
1094 1285 1284 1352 prodest.
1336 1286 1348 1291 ”
1368 1294 1430 1334 At
1465 1287 1576 1335 illud

161 1358 329 1403 mirum
352 1355 433 1413 est,
472 1373 634 1419 panem
667 1365 714 1400 et
742 1357 919 1407 vinum,
960 1357 1084 1410 cuius
1116 1353 1349 1402 substantia
1378 1357 1574 1418 perierit,

161 1434 314 1470 tamen
333 1423 452 1484 signa
473 1421 654 1470 visibilia
674 1419 785 1469 effe*
847 1422 1082 1470 Abhorret
1099 1423 1221 1470 enim
1249 1438 1272 1468 a
1304 1422 1426 1470 sensu
1451 1440 1574 1470 com·
1649 1444 1664 1449 ’-

160 1495 305 1547 muni,
359 1488 636 1552 substantiam
674 1491 740 1536 rei
778 1489 948 1553 periiffe
982 1500 1027 1536 et
1056 1502 1208 1537 tamen
1239 1491 1333 1536 eius
1363 1490 1571 1538 attributa

76 1563 82 1566 ’
159 1562 310 1607 omnia
331 1557 539 1605 sensibilia
562 1555 770 1604 manfiss‘e.
852 1556 1055 1604 Professo
1075 1552 1295 1603 Facundus
1321 1557 1430 1604 nihil
1450 1559 1567 1605 aliud

159 1642 263 1674 cum
285 1629 411 1673 omni
432 1636 582 1672 vetere
602 1623 789 1672 Ecclesia
809 1623 952 1681 sentit,
988 1627 1119 1688 quam
1144 1624 1265 1686 quod
1286 1640 1368 1670 nos
1386 1625 1589 1697 Lutberi·

127 1707 129 1709 ’
157 1713 184 1742 e
213 1695 434 1758 disciplina
463 1693 711 1740 statuimus:
757 1708 918 1755 panem
948 1691 1126 1754 quidem
1157 1701 1203 1736 et
1228 1692 1406 1750 vinum,
1447 1709 1565 1756 quae

156 1755 323 1827 corpus
352 1773 399 1808 et
432 1762 602 1821 sanguis
633 1757 793 1807 Christi
824 1759 1040 1815 dicantur,
1079 1761 1281 1823 proprie,
1319 1759 1581 1827 καις-ὀἰκεί-

152 1832 296 1894 fluctio,
328 1846 421 1877 non
440 1827 525 1876 effe
545 1832 590 1876 C.
614 1839 660 1875 et
677 1831 718 1874 S.
740 1830 787 1874 C.
810 1825 931 1890 quod
950 1825 1012 1873 est
1030 1826 1129 1873 sane
1149 1824 1429 1882 veriffimum‚
1455 1829 1562 1876 alias

151 1916 246 1946 non
269 1896 376 1947 esset
401 1914 532 1944 verus
560 1898 687 1961 panis
708 1905 755 1941 et
780 1911 935 1941 verum
967 1897 1144 1941 vinum:
1193 1893 1264 1940 sed
1295 1893 1381 1941 dici
1407 1905 1558 1944 tamen

149 1965 273 2014 reste
295 1983 460 2030 corpus
483 1975 530 2010 et
547 1964 805 2024 sanguinem
827 1959 1008 2017 Christi,
1053 1963 1156 2026 quia
1170 1971 1412 2026 Vtrumque
1432 1964 1478 2009 in
1513 1965 1558 2011 se

127 2035 401 2088 ‘contineat‚
448 2032 536 2080 siue
565 2050 669 2079 cum
697 2041 888 2094 vtroque
921 2027 1161 2076 coniunaa
1193 2027 1299 2076 fint:
1340 2029 1555 2094 quodille

146 2103 263 2150 bene
282 2114 415 2149 vocat
437 2100 672 2166 mysterium
695 2111 742 2145 et
750 2099 1079 2161 sacramentum,
1112 2097 1210 2160 quia
1229 2114 1279 2143 ea
1296 2095 1554 2146 coniunssio

148 2170 211 2218 est
240 2168 552 2217 sanstiffimum
583 2165 859 2232 mysterium,
904 2164 1023 2230 quod
1055 2181 1238 2211 omnem
1266 2166 1355 2212 vim
1385 2168 1551 2214 mentis

146 2241 368 2286 humanae
388 2237 576 2302 superat.
653 2240 804 2300 Atque
825 2233 914 2280 hoc
934 2235 992 2279 ita
1013 2231 1194 2279 euidens
1216 2229 1299 2288 est,
1329 2243 1377 2278 vt
1390 2235 1551 2294 Mura-

145 2311 281 2355 torius
308 2305 400 2369 ipse
428 2308 472 2351 in
505 2305 596 2350 eius
621 2303 710 2350 loci
738 2301 1030 2366 explicatione
1058 2310 1246 2364 repente
1265 2300 1565 2356 Lutheranus-
1646 2332 1649 2334 v

136 2373 282 2422 &Eius
303 2372 364 2419 sit.
445 2371 690 2419 Audiamus
710 2370 876 2435 ipsum:
918 2371 1040 2433 Ergo
1059 2368 1545 2437 etiamfifizframentum,

140 2446 187 2490 id
201 2442 278 2506 ψ,
293 2443 463 2509 fignum
483 2441 632 2507 visibile
654 2440 699 2486 C.
721 2449 762 2484 et
779 2440 821 2484 S.
841 2438 904 2484 D.
915 2439 1094 2499 proprie
1110 2437 1262 2502 nonsit
1278 2434 1411 2498 ipsum
1433 2435 1542 2483 Cor·

131 2529 221 2575 pus
242 2519 284 2557 et
300 2512 341 2555 S.
361 2511 424 2556 D.
445 2513 515 2572 qui
541 2517 677 2554 tamen
694 2507 1004 2570 sper-amentum
1022 2504 1179 2566 sumit,
1222 2511 1369 2551 verant
1386 2511 1429 2550 et
1457 2520 1540 2551 non

129 2579 372 2643 figuratam
394 2577 573 2623 Carnem
594 2584 634 2621 et
653 2576 695 2621 S.
715 2575 763 2622 C.
785 2575 948 2634 recipit,
979 2575 1076 2635 quia
1097 2573 1255 2633 Species
1265 2574 1391 2632 panis
1402 2573 1540 2618 etvini

136 2645 195 2707 (s.
217 2646 342 2713 panis
365 2654 411 2690 et
428 2645 614 2701 vinum)
640 2658 789 2690 reuera
808 2645 850 2688 in
862 2640 915 2703 fi
935 2639 1191 2703 mysterium,
1221 2638 1259 2684 Ιι.
1280 2654 1312 2685 e.
1331 2653 1538 2694 arcanam,

185 2719 204 2742 2'
230 2736 240 2747 ·
282 2710 290 2714 “
1360 2715 1536 2752 tremen-
