1682 3068
160 178 257 240 164
490 193 554 223 nt
588 191 930 232 enAsssgnrm
965 192 1225 230 conamus

159 307 372 367 quaslaut
401 298 547 355 sensu,
593 309 670 346 aut
705 296 1079 358 demonstratione
1107 301 1302 361 legitima
1330 313 1562 368 perceptas

140 381 386 417 ‘tenemusz
407 369 453 414 in
465 364 770 432 quibus‘saepe
776 369 1062 428 ingeniorum
1074 367 1371 432 quorundam,
1392 381 1439 419 vt
1450 377 1561 424 Aca?

161 437 442 490 demicorum
465 448 691 494 veterum,
721 436 1119 499 Scepticorumque
1137 435 1314 484 solertia
1335 431 1499 486 inutilis
1515 449 1563 487 et

158 505 403 560 luxurians,
447 498 723 564 difficultates
741 503 910 558 mouit,
951 519 1055 566 quas
1079 513 1155 549 aut
1173 507 1384 569 perpauci
1398 507 1563 562 tollere

160 572 215 620 de
243 570 391 622 medio
411 568 593 634 possint,
631 580 708 617 aut
734 567 911 616 fortasse
933 572 1120 618 omnino
1151 572 1313 619 nullus-⁴
1406 578 1478 630 An
1511 585 1563 624 tu

157 652 298 696 vero,¹
321 635 351 694 fi
367 636 725 695 dubitationibus,
755 636 959 683 aduersus
979 651 1132 685 motus
1154 642 1386 686 veritatem
1405 642 1561 688 inuen-

158 710 216 756 tis
234 706 289 755 ab
311 707 502 760 Eleatica
519 704 688 759 schola,
726 715 772 751 et
788 706 989 769 repetitis
1010 723 1035 751 a
1055 706 1378 754 recentioribus
1398 711 1561 774 Sceptij·

159 778 247 831 cie,
290 774 503 823 Berkeleio
527 782 572 819 et
601 773 715 826 aliis,
757 782 833 819 aut
859 773 931 828 iis,
982 790 1092 836 quae
1116 774 1217 821 sunt
1244 775 1362 840 apud
1389 778 1562 825 Sextum

158 845 603 905 Empirieumcontra
635 840 918 886 theoremata
951 843 1244 901 geometrica,
1293 842 1561 907 respondere

157 905 430 974 non,‚poffis‚
472 906 525 954 de
545 917 669 955 motu
695 906 789 971 ipso
809 905 1037 964 dubitare,
1083 921 1131 957 et
1151 910 1297 956 sensus
1316 923 1419 957 tuos
1441 928 1564 958 men-

159 973 563 1033 dacese'xistimare,
597 986 643 1020 et
662 975 939 1022 theoremata
959 978 1234 1036 geometrica
1251 977 1349 1025 falsa
1368 977 1561 1026 iudicare

155 1044 394 1096 sustineas?
462 1041 590 1088 Vnde
611 1044 744 1088 etiam
772 1041 844 1098 fit,
886 1055 936 1090 vt
962 1042 991 1090 fi
1023 1045 1096 1092 cui
1130 1043 1425 1092 dubitationes
1450 1047 1562 1105 tales

155 1111 418 1166 inficiantur,
454 1111 499 1155 in
520 1111 570 1156 iis
594 1109 802 1156 tollendis
822 1112 982 1171 magis,
1010 1113 1208 1159 veritatis
1227 1112 1432 1160 aduersus
1452 1115 1561 1170 alios

157 1177 464 1228 defendendae
491 1174 651 1232 caussa,
702 1177 904 1225 laborare
933 1177 1115 1233 debeat,
1162 1196 1294 1243 quam
1331 1179 1435 1227 fidei
1462 1184 1562 1229 suae

158 1244 508 1301 conseruandae,
554 1261 639 1292 nec
659 1248 760 1306 angi
789 1247 937 1292 animo
958 1259 1004 1293 et
1025 1247 1263 1302 sollicitari,
1304 1247 1333 1293 si
1361 1249 1411 1294 iis
1430 1249 1563 1296 refel-

156 1315 300 1365 lendis
334 1314 376 1361 se
403 1314 616 1376 imparem
648 1313 818 1359 sentiat.
922 1315 981 1360 Et
1019 1315 1228 1377 quoniam
1265 1314 1562 1376 dubitationes

159 1400 318 1433 omnes
338 1399 362 1429 a
381 1383 578 1428 nouitate
600 1380 1014 1444 magnamvspeciem
1034 1381 1177 1428 solent
1196 1384 1418 1447 accipere,
1457 1399 1564 1448 Pm‘

158 1451 334 1498 dentiae
354 1443 462 1501 ests
487 1457 668 1511 tempus
689 1446 791 1495 dare
813 1449 965 1503 animo
984 1449 1037 1495 ad
1059 1450 1420 1507 examinandum,
1453 1450 1562 1505 dum

157 1522 222 1567 vis
245 1516 454 1564 nouitatis
476 1514 740 1576 frangatur,
763 1517 933 1562 interea
955 1517 1150 1576 cogitare
1167 1516 1350 1564 subinde
1367 1519 1563 1577 veritatis

159 1594 445 1647 argumenta,
494 1594 544 1630 vt
573 1581 999 1638 altiusldescendant
1024 1586 1071 1629 in
1102 1585 1321 1640 animum,
1371 1601 1563 1651 eumque

158 1653 364 1707 aduersus
388 1648 712 1696 dubitationum
742 1649 1068 1696 sollicitationes
1089 1650 1394 1700 corroborent.

258 1737 348 1779 40..
367 1722 420 1765 In
441 1716 539 1780 ipsis
559 1729 708 1763 autem
731 1716 1073 1764 dubitationibus
1093 1718 1410 1777 examinandis,
1428 1736 1562 1786 opor&

159 1795 227 1835 'tet
246 1789 293 1835 in
316 1786 469 1850 primis
489 1784 652 1831 habere
674 1786 717 1831 in
738 1794 923 1849 promtu
943 1787 1153 1834 notiones
1181 1787 1474 1850 praesentiae,
1516 1799 1564 1836 et

159 1852 379 1902 efficaciae
400 1853 668 1898 Sacramenti
682 1886 692 1905 ,
739 1853 887 1916 quales
908 1870 930 1899 a
947 1852 1078 1907 nobis
1097 1870 1124 1899 e
1142 1855 1378 1919 scripturis
1399 1866 1445 1901 et
1463 1873 1560 1916 ana,-

159 1924 281 1983 logia
310 1917 535 1967 do&rinae
556 1917 819 1966 Christianae
845 1918 1099 1983 propositae
1127 1919 1239 1968 sunt.
1333 1925 1456 1969 Nam
1485 1924 1562 1971 illa

161 1989 327 2038 valebit
355 1986 408 2035 ad
435 1985 698 2048 frangendas
729 1986 1025 2035 dubitationes
1058 2005 1150 2046 eaS,
1217 2005 1329 2053 quae
1371 1992 1560 2045 maxime

160 2059 307 2106 solent
325 2058 496 2104 animos
515 2054 798 2117 perturbare,
836 2071 938 2101 cum
970 2057 1261 2120 praesentiam
1283 2059 1485 2122 corporis
1515 2069 1564 2113 et

160 2126 382 2186 sanguinis
402 2121 558 2171 Christi
578 2124 825 2169 metiuntur
853 2126 1083 2171 communi
1111 2141 1376 2189 corporum,
1413 2125 1564 2193 adspe-

160 2191 333 2247 stabili,
380 2202 427 2237 et
464 2190 553 2237 loci
583 2192 692 2237 certi
721 2191 920 2238 terminis
960 2193 1283 2257 circumscripta
1309 2193 1561 2257 praesentia,

161 2277 275 2324 quae
292 2269 389 2306 tota
410 2255 472 2304 est
490 2257 543 2304 ab
565 2258 652 2305 hoc
671 2259 816 2322 capite
835 2259 994 2317 aliena,
1032 2277 1118 2307 nec
1153 2278 1176 2306 a
1200 2258 1331 2311 nobis
1359 2257 1561 2310 defendi:-

160 2338 255 2374 tur:
295 2328 403 2374 haec
421 2325 617 2382 cauebst,
655 2342 713 2372 ne
732 2325 876 2373 verbis
893 2329 1062 2388 magnis
1083 2328 1351 2392 decipiamur
1366 2325 1562 2374 aduersa-

160 2396 350 2450 riorum,
385 2411 500 2452 cum,
533 2394 605 2450 sua
623 2393 837 2446 sententia
856 2394 1053 2458 probata,
1083 2396 1196 2443 salua
1214 2396 1360 2443 omnia
1380 2411 1560 2443 manere

161 2465 444 2508 sacramento
466 2458 638 2516 uastant,
662 2479 802 2525 eaque
821 2479 870 2508 re
891 2461 1046 2510 fiamus
1068 2466 1298 2527 proniores
1310 2459 1363 2508 ad
1383 2463 1558 2510 senten-

160 2530 268 2574 tiam
292 2527 583 2591 probandam,
615 2546 728 2593 quae
748 2530 969 2578 blanditur
992 2533 1173 2592 ingenio
1194 2530 1388 2577 humano
1409 2529 1557 2592 specie

157 2594 379 2642 facilitatis
417 2598 592 2642 maioris
617 2607 664 2643 et
694 2597 928 2645 consensus
951 2615 1052 2645 cum
1080 2596 1337 2644 notionibus
1357 2613 1557 2645 commu-

148 2660 291 2711 'nibus
322 2661 376 2708 de
399 2666 628 2728 corporeis
655 2663 787 2712 rebus
810 2682 1055 2731 earumque¹
1068 2664 1324 2730 praesentia.
1538 2713 1544 2719 ,

1380 2733 1555 2791 41.His
