1682 3068
161 167 225 216 54
738 156 974 204 'AN-rx

163 278 480 342 veri‘corporis
501 286 548 324 et
568 277 786 338 sanguinis
809 276 965 327 christi
994 279 1303 343 praesentiam,
1341 281 1560 348 'arramie-

165 350 306 410 φωσιν
325 349 569 394 Romanam
589 346 715 393 nullo
737 345 896 402 modo,
934 349 1131 410 quamuis
1152 348 1385 395 intendens
1407 350 1561 398 oculo*-

165 416 451 466 rumaciem,
483 411 632 459 videre
647 411 845 474 potuisse.
909 418 1076 475 Neque
1095 417 1214 462 enim
1237 415 1352 462 aliud
1385 415 1446 463 ibi
1485 415 1560 471 est,
1587 458 1598 460 a

110 536 113 543 Δ
165 490 341 546 praeter
361 480 492 526 verba
510 474 712 548 οἱγιοὶζειν
730 478 802 543 καὶ
819 478 1130 543 μεταβάλλειν
1149 494 1194 529 et
1214 500 1240 528 e
1260 482 1494 546 propositis
1514 485 1560 530 in

167 549 314 595 mensa
334 546 462 594 donis
491 546 620 597 ποιεῖν
640 548 779 611 σῶμα,
795 546 870 609 καὶ
890 549 1011 613 αἷμα
1025 585 1041 610 ,
1070 566 1183 613 quae
1202 550 1255 597 ad
1276 548 1561 597 efficiendum

166 615 231 669 id,
273 614 397 679 quod
429 615 576 678 placet
605 619 872 670 Muratorio,
916 618 1042 665 nullo
1075 617 1213 664 modo
1243 617 1410 672 valere,
1461 618 1561 664 satis

169 681 437 730 ostendimus
457 683 845 748 superiori·capite.
889 685 984 732 Alia
1007 685 1102 731 loca
1120 684 1313 731 indicare
1334 683 1562 734 voluissem

168 750 292 797 bono
311 752 440 806 Viro,
484 768 596 814 quae
621 753 834 799 maiorem
864 751 1052 815 speciem
1085 750 1267 806 habent,
1309 749 1340 797 fi
1360 769 1432 798 me
1454 768 1562 799 con-

170 815 360 866 suluiffee
375 853 386 872 ‚
417 819 527 865 vele
546 818 667 866 libris
688 817 740 865 de
760 819 1021 867 sacerdotio:
1055 819 1127 866 sed
1148 829 1193 866 et
1210 820 1278 867 his
1297 819 1563 884 respondere
1592 842 1600 861 ι

167 883 417 953 potuissem.

186 969 189 973 ·
264 956 353 1005 Iam
383 953 631 1002 Theodoreti
664 954 789 1002 locus
819 952 873 999 ab
913 970 968 1000 eo
1007 952 1269 1018 disceptatur
1309 952 1564 1019 dupliciter:

169 1023 366 1087 primum
409 1021 613 1068 aduersus
642 1022 949 1082 Zwinglianos
981 1022 1053 1086 (p.
1094 1036 1198 1081 155.
1235 1025 1364 1083 156.)
1399 1023 1446 1068 in
1479 1039 1565 1086 qua

187 1099 295 1134 'arte
323 1105 406 1135 nos
437 1090 478 1134 ei
510 1089 639 1152 plane
667 1086 1001 1152 adstipulamur:
1047 1087 1208 1134 deinde
1243 1088 1446 1136 aduersus
1480 1105 1564 1136 nos

169 1106 369 1204 {renitet
386 1172 486 1220 pag.
513 1173 617 1219 157.
638 1166 744 1202 extr.
787 1157 1106 1211 Theodoretum,
1138 1157 1215 1211 ait,
1249 1172 1342 1204 non
1373 1154 1566 1214 diffiteri,

169 1224 466 1275 mutationem
489 1224 534 1269 in
555 1224 763 1286 symbolis
781 1221 874 1269 fieri
893 1240 973 1288 per
991 1224 1383 1270 consecrationem.
1427 1221 1567 1271 Reae

169 1285 297 1339 facit:
343 1307 427 1337 nec
447 1293 678 1355 quisquam
700 1289 883 1337 dubitat.
960 1296 1022 1336 At
1037 1307 1151 1353 quae
1177 1287 1240 1336 est
1258 1289 1331 1336 ista
1350 1293 1568 1338 mutatio?

140 1410 143 1414 ,
170 1354 357 1406 Fafilum
379 1355 462 1404 effe
483 1369 528 1403 et
548 1357 667 1403 credi
689 1373 853 1420 corpus
873 1367 920 1402 et
939 1358 1191 1418 sanguinem
1215 1356 1384 1404 Christi.
1458 1360 1566 1404 Hoc

171 1442 355 1492 quoque
376 1442 489 1472 vere.
560 1422 807 1481 Quomodo
818 1424 944 1488 fasta
963 1422 1142 1470 statuit?
1174 1426 1265 1471 Hic
1278 1424 1397 1471 nihil
1418 1427 1567 1473 Ilffura-

172 1497 318 1541 torius.
390 1498 451 1540 At
474 1494 592 1538 enim
621 1509 725 1540 vero
750 1491 826 1537 hic
844 1493 1043 1555 inprimis
1064 1490 1301 1538 audiendus
1320 1502 1412 1538 erat
1439 1494 1567 1539 Theo·
1648 1487 1651 1489 ’

173 1559 355 1609 Horetus.
426 1562 640 1624 Symbola,
682 1560 766 1613 ait,
800 1559 899 1621 post
915 1559 1252 1620 consecrationem
1270 1576 1349 1606 non
1379 1564 1566 1606 recedunt
1642 1571 1647 1577 '

174 1648 200 1677 α
209 1631 294 1693 sua
313 1636 480 1674 natura.
549 1630 728 1674 Manent
744 1629 846 1672 enim
867 1629 909 1672 in
919 1628 1060 1685 priori
1066 1625 1300 1688 substantia
1313 1661 1324 1681 ,
1355 1626 1566 1689 etfigurcr,

175 1699 218 1744 e't
223 1695 397 1758 forma,
423 1704 464 1741 et
482 1698 611 1742 videri
629 1695 822 1757 tangique
830 1693 1024 1755 poffimt,
1049 1694 1148 1755 ficut
1167 1701 1209 1739 et
1221 1697 1358 1754 prius.
1427 1697 1564 1749 Haec,

177 1765 289 1811 haee
308 1765 362 1809 o!
397 1763 633 1815 M‘uratori‚
655 1760 889 1806 conciliare
911 1753 1109 1815 debeBaS,
1131 1776 1230 1806 cum
1253 1772 1327 1806 tua
1346 1778 1565 1827 μεταμοξ-
1642 1755 1654 1771 ¹

120 1874 121 1877 ,
175 1828 341 1897 (pain-et!
378 1830 621 1893 Atquehic
641 1829 770 1890 plane
789 1827 958 1873 nullum
982 1824 1194 1888 effugium
1216 1838 1355 1891 patet,
1389 1845 1471 1875 nec
1483 1829 1564 1875 vlla

175 1898 431 1960 dep'rauatio
461 1899 607 1943 locum
637 1895 779 1941 habet.
855 1897 979 1940 Nam
1012 1895 1081 1940 his
1102 1893 1283 1941 illustrat
1307 1894 1565 1958 mysterium
1640 1902 1648 1939 ζ

177 1964 484 2013 incarnationis
495 1965 766 2019 Dominicae,
787 1971 833 2007 et
845 1960 951 2008 ficut
969 1965 1013 2007 in
1027 1959 1292 2008 Eucharistia
1301 1979 1428 2010 verus
1439 1965 1565 2027 panis

177 2038 348 2080 maneat
377 2030 474 2095 post
501 2031 904 2084 consecrationem,
953 2027 1042 2074 fine
1070 2027 1357 2076 conuerfione
1382 2029 1564 2077 substan-

176 2103 288 2156 tiae,
330 2098 387 2146 fic
417 2102 465 2146 in
491 2096 661 2146 Christo
690 2094 788 2161 post
814 2098 1159 2143 incarnationem
1189 2094 1385 2143 manliss‘e
1411 2107 1564 2145 verum
1634 2150 1639 2156 ,

177 2169 421 2216 hominem.
514 2170 635 2212 Tota
678 2165 979 2219 ratiocinat'o,
1049 2180 1159 2227 quae
1210 2161 1272 2209 est
1315 2168 1572 2212 communis-

177 2237 378 2284 omnium
400 2231 632 2280 dostorum
657 2244 879 2284 veterum,
914 2233 958 2277 in
980 2230 1281 2278 controuersia
1299 2249 1400 2279 cum
1427 2234 1565 2295 Euty·
1636 2254 1642 2261 ·>

177 2303 365 2356 chiani5‚
402 2296 539 2365 perit,
581 2300 722 2363 fitque
749 2297 951 2352 absurda,
989 2308 1036 2344 et
1064 2300 1302 2356 contraria,
1342 2309 1387 2346 et
1414 2299 1567 2347 fauens
1632 2353 1634 2359 k

177 2366 464 2433 Eutychianis
479 2404 489 2422 ,
524 2365 554 2414 fi
576 2369 701 2413 aliter
720 2364 793 2412 ista
815 2365 945 2413 verba
965 2368 1168 2428 accipere
1187 2367 1385 2412 velimus.
1416 2369 1567 2431 Itaque

178 2437 252 2484 hic
273 2435 527 2482 mirabiliter
548 2434 590 2481 se
611 2443 797 2498 torquet
815 2434 985 2479 Natalis
1006 2432 1254 2480 Alexander
1273 2438 1331 2482 H.
1345 2435 1390 2479 E.
1403 2436 1497 2481 Sec.
1510 2439 1564 2482 V.
1636 2487 1641 2495 „

176 2521 213 2552 c.
237 2520 279 2563 4.
300 2521 339 2564 p.
368 2519 455 2563 152
480 2501 518 2548 b.
548 2519 635 2548 nec
651 2501 861 2548 tamense
881 2499 1070 2562 expedit.
1631 2535 1637 2562 ss

269 2568 355 2616 Sed
376 2570 431 2614 de
452 2571 656 2630 Ephremi
672 2569 775 2615 loco
795 2585 896 2617 mox
917 2566 1160 2625 disputans,
1194 2569 1241 2614 in
1271 2584 1362 2633 quo
1392 2577 1440 2615 et
1470 2569 1564 2633 ipso
1632 2566 1639 2599 Ὺ

171 2642 296 2703 panis
315 2636 771 2702 afirfibilisulgstantia
792 2653 871 2684 non
892 2626 1088 2699 disteden
1108 2633 1276 2691 dicitur,
1305 2635 1476 2684 videtur
1493 2639 1567 2683 ali·
1632 2679 1634 2682 ,
1657 2623 1660 2633 ¹*

1455 2704 1564 2768 quid
