1650 3060
729 463 819 508 DE

490 568 1035 616 VESTIGIIS

30 652 896 742 f·1s²ROV1DENT1AE
994 674 1469 759 DileAE

562 826 657 870 IN
698 823 971 867 BELLO

59 1125 361 1256 Defunffl
396 1155 506 1202 ergo
534 1139 683 1187 sumus
712 1135 832 1184 bello
863 1137 1019 1184 misero
1049 1145 1185 1200 atque
1204 1134 1471 1190 calamitoso,

221 1218 281 1265 et,
309 1207 467 1257 auditis
487 1206 668 1254 tandem
699 1207 815 1253 votis
847 1203 1017 1259 nostriS,
1049 1205 1207 1251 annuit
1228 1202 1472 1250 misericor-

62 1272 132 1323 dia
156 1270 304 1326 diuina
329 1292 486 1341 pacem
519 1275 724 1338 Plurimis
756 1283 802 1320 et
834 1274 1032 1320 maximis
1066 1270 1124 1319 de
1140 1269 1274 1317 causis
1293 1269 1469 1317 laetabi-

28 1379 34 1381 -
61 1340 164 1396 lem,
197 1353 246 1389 et
265 1344 387 1390 mnni
406 1342 734 1407 praedicatione
763 1339 909 1387 nostra
937 1350 983 1387 et
1013 1340 1313 1401 gratulatione
1343 1339 1468 1401 supe-

58 1408 249 1465 riorem!
277 1413 428 1474 ltaque
447 1424 494 1459 et
522 1407 602 1474 ipsi
630 1409 832 1463 vidimus,
865 1421 910 1455 et
939 1409 1064 1468 saepe
1095 1406 1358 1460 audiuimus,
1384 1407 1472 1470 pri-

61 1490 189 1526 mum
208 1478 300 1523 eius
317 1480 534 1526 nuncium
563 1480 622 1524 ita
651 1487 841 1540 repente
869 1473 1068 1525 alienasse
1096 1474 1149 1521 ab
1175 1475 1301 1520 omni
1333 1473 1469 1520 malo·

60 1559 162 1591 rum
183 1545 430 1592 etiamnum
449 1543 745 1608 praesentium
775 1543 900 1590 sensu
933 1544 1118 1599 animos,
1152 1553 1243 1588 tam
1265 1543 1393 1588 enixo
1411 1540 1469 1588 fa-

59 1627 170 1660 vore
198 1610 405 1666 omnibus
437 1613 483 1666 in
513 1612 638 1668 lociS,
670 1623 759 1658 tam
789 1609 928 1659 effuso
947 1613 993 1656 in
1013 1611 1223 1657 laetitiam
1236 1607 1377 1656 studio
1398 1622 1470 1656 ex⁴

34 1672 245 1742 'ceptum
277 1678 373 1732 effe,
398 1689 447 1726 vt
479 1695 639 1742 capere
668 1680 876 1726 laetitiam
907 1677 1115 1725 homines
1148 1694 1242 1724 non
1263 1675 1386 1741 poss'e
1407 1679 1467 1724 vi-

38 1745 283 1805 Jderentur.
351 1749 480 1802 Quae
508 1747 627 1795 enim
659 1758 758 1793 tum
786 1744 1123 1805 significationes
1151 1742 1314 1793 fastae!
1352 1762 1468 1810 quae

60 1828 193 1863 voees
212 1812 384 1862 auditae
405 1817 560 1875 gratias
581 1817 696 1867 Deo,
724 1815 885 1875 gratias
905 1816 1018 1861 Patri
1039 1814 1282 1861 Communi
1300 1814 1467 1860 Patriae

63 1881 305 1941 agentium,
333 1882 653 1940 gratulantium
680 1883 799 1928 inter
831 1880 886 1938 se,
914 1879 1002 1935 fibi,
1037 1881 1136 1935 suis,
1172 1882 1348 1944 patriae,
1378 1898 1467 1927 ma·

63 1945 276 1996 mutibus
307 1948 439 2005 etiam
470 1946 651 1994 subinde
670 1948 870 2000 lacrimis,
905 1950 1026 1995 omni
1047 1949 1129 1995 alia
1149 1947 1468 2008 significatione

64 2025 112 2062 et
132 2011 404 2067 dulcioribus
425 2031 467 2060 et
494 2013 749 2063 verioribus
815 2017 940 2061 Nam
962 2017 1008 2060 in
1030 2017 1186 2062 ceteris
1215 2015 1309 2061 fere
1330 2017 1470 2080 impe·

57 2092 141 2130 tue
172 2077 236 2127 est
265 2082 506 2131 hominum
530 2083 772 2146 repentino
805 2091 932 2129 motu
953 2083 1187 2138 elatorum,
1221 2081 1274 2127 ad
1298 2081 1469 2131 diutur-

65 2150 253 2197 nitatem
272 2166 430 2214 parum
449 2149 526 2196 ille
545 2148 775 2206 constans;
807 2149 891 2196 hae
920 2151 1047 2196 molli
1068 2161 1115 2196 et
1134 2151 1295 2196 intimo
1315 2147 1469 2215 peGo·

30 2251 34 2254 >
60 2218 139 2279 tit,
149 2227 281 2273 motu
306 2218 504 2274 cientur,
534 2216 725 2281 suntque
754 2219 932 2274 tacitae,
961 2216 1034 2264 sed
1060 2215 1299 2265 veriffimae
1332 2218 1469 2266 animi

34 2304 38 2308 ·
64 2299 172 2337 vere
192 2281 533 2348 constanterque
554 2285 756 2332 laetantis
774 2301 923 2332 voces.

165 2350 252 2397 Sed
278 2349 565 2416 posteaquam
595 2354 766 2416 primus
802 2349 1105 2413 gratulationis
1138 2351 1268 2398 ardor
1301 2349 1472 2407 resedit,

24 2427 119 2486 get
133 2418 194 2466 ita
211 2421 381 2482 recepti
397 2419 499 2466 sunt
518 2421 655 2466 animi
677 2419 729 2467 ab
749 2420 822 2466 illa
841 2437 985 2484 prope
1004 2420 1281 2473 alienatione,
1307 2431 1356 2469 vt
1372 2420 1472 2467 reli·

67 2485 191 2551 giose
210 2502 262 2532 ac
277 2487 364 2551 pie,
397 2486 615 2551 sapienter
637 2504 687 2534 ac
706 2504 808 2535 vere
829 2487 1034 2548 gaudere,
1067 2498 1115 2535 et
1135 2484 1281 2538 fausto
1304 2504 1354 2533 ac
1374 2504 1470 2535 cer·

69 2561 121 2600 to
133 2552 296 2616 gaudio
317 2553 492 2609 incensi,
525 2571 649 2602 veras
678 2565 724 2602 et
759 2553 913 2616 dignas
933 2559 1047 2611 Deo,
1079 2554 1232 2616 dignas
1252 2558 1379 2604 Patre
1397 2559 1472 2601 Pa-

67 2619 191 2678 siae,
223 2622 383 2683 gratias
412 2638 543 2685 agere
572 2622 806 2688 poffimus,
845 2621 949 2687 quid
972 2624 1096 2689 prius
1124 2639 1260 2689 quam
1287 2621 1471 2691 publice

779 2690 841 2737 Ll
873 2706 907 2752 5
1324 2700 1471 2752 gratu-
