<?xml version="1.0" encoding="UTF-8"?>
<!DOCTYPE html PUBLIC "-//W3C//DTD XHTML 1.0 Transitional//EN"
    "http://www.w3.org/TR/xhtml1/DTD/xhtml1-transitional.dtd">
<html xmlns="http://www.w3.org/1999/xhtml" xml:lang="en" lang="en">
 <head>
  <title>
</title>
<meta http-equiv="Content-Type" content="text/html;charset=utf-8" />
  <meta name='ocr-system' content='tesseract 3.04.00' />
  <meta name='ocr-capabilities' content='ocr_page ocr_carea ocr_par ocr_line ocrx_word'/>
</head>
<body>
  <div class='ocr_page' id='page_1' title='image "./opusculatheologi00erneuoft_0138.png"; bbox 0 0 1682 3068; ppageno 0'>
   <div class='ocr_carea' id='block_1_1' title="bbox 184 176 986 225">
    <p class='ocr_par' dir='ltr' id='par_1_1' title="bbox 184 176 986 225">
     <span class='ocr_line' id='line_1_1' title="bbox 184 176 986 225; baseline -0.001 0"><span class='ocrx_word' id='word_1_1' title='bbox 184 176 282 225; x_wconf 87' lang='lat'><strong>116</strong></span> <span class='ocrx_word' id='word_1_2' title='bbox 765 193 986 224; x_wconf 68' lang='lat' dir='ltr'><strong>Ana-1</strong></span> 
     </span>
    </p>
   </div>
   <div class='ocr_carea' id='block_1_2' title="bbox 181 293 1592 2052">
    <p class='ocr_par' dir='ltr' id='par_1_2' title="bbox 181 293 1592 1378">
     <span class='ocr_line' id='line_1_2' title="bbox 181 293 1587 365; baseline 0.002 -18"><span class='ocrx_word' id='word_1_3' title='bbox 181 297 377 347; x_wconf 84' lang='lat' dir='ltr'><strong>struendi</strong></span> <span class='ocrx_word' id='word_1_4' title='bbox 395 295 446 344; x_wconf 79' lang='lat' dir='ltr'><strong>fit</strong></span> <span class='ocrx_word' id='word_1_5' title='bbox 465 297 509 344; x_wconf 90' lang='lat' dir='ltr'><strong>in</strong></span> <span class='ocrx_word' id='word_1_6' title='bbox 527 293 808 345; x_wconf 80' lang='lat' dir='ltr'><strong>diss’oluendis</strong></span> <span class='ocrx_word' id='word_1_7' title='bbox 819 308 1052 346; x_wconf 83' lang='lat' dir='ltr'>concretae</span> <span class='ocrx_word' id='word_1_8' title='bbox 1073 295 1335 347; x_wconf 64' lang='lat' dir='ltr'><strong>substantiae</strong></span> <span class='ocrx_word' id='word_1_9' title='bbox 1354 300 1587 365; x_wconf 71' lang='lat' dir='ltr'><strong>partibus?</strong></span> 
     </span>
     <span class='ocr_line' id='line_1_3' title="bbox 181 363 1588 418; baseline 0.001 -3"><span class='ocrx_word' id='word_1_10' title='bbox 181 366 268 416; x_wconf 81' lang='lat' dir='ltr'><strong>&#39;sed</strong></span> <span class='ocrx_word' id='word_1_11' title='bbox 293 366 585 413; x_wconf 84' lang='lat' dir='ltr'><strong>vehementer</strong></span> <span class='ocrx_word' id='word_1_12' title='bbox 603 365 658 411; x_wconf 81' lang='lat' dir='ltr'><strong>-in</strong></span> <span class='ocrx_word' id='word_1_13' title='bbox 687 375 791 414; x_wconf 70' lang='lat' dir='ltr'><strong>tota</strong></span> <span class='ocrx_word' id='word_1_14' title='bbox 815 363 888 413; x_wconf 83' lang='lat' dir='ltr'><strong>ista</strong></span> <span class='ocrx_word' id='word_1_15' title='bbox 914 368 1088 413; x_wconf 87' lang='lat' dir='ltr'><strong>ratione</strong></span> <span class='ocrx_word' id='word_1_16' title='bbox 1118 366 1286 414; x_wconf 83' lang='lat' dir='ltr'><strong>fallitur</strong></span> <span class='ocrx_word' id='word_1_17' title='bbox 1303 370 1588 418; x_wconf 51' lang='lat' dir='ltr'><strong>Murfflbrius.</strong></span> 
     </span>
     <span class='ocr_line' id='line_1_4' title="bbox 182 432 1589 499; baseline 0.001 -17"><span class='ocrx_word' id='word_1_18' title='bbox 182 435 308 482; x_wconf 85' lang='lat' dir='ltr'><strong>Nam</strong></span> <span class='ocrx_word' id='word_1_19' title='bbox 327 436 524 499; x_wconf 89' lang='lat' dir='ltr'><strong>primum</strong></span> <span class='ocrx_word' id='word_1_20' title='bbox 543 432 752 497; x_wconf 81' lang='lat' dir='ltr'><strong>reliquias·</strong></span> <span class='ocrx_word' id='word_1_21' title='bbox 774 433 868 481; x_wconf 84' lang='lat' dir='ltr'><strong>illas</strong></span> <span class='ocrx_word' id='word_1_22' title='bbox 891 445 967 480; x_wconf 87' lang='lat' dir='ltr'><strong>aut</strong></span> <span class='ocrx_word' id='word_1_23' title='bbox 985 436 1028 481; x_wconf 92' lang='lat' dir='ltr'><strong>in</strong></span> <span class='ocrx_word' id='word_1_24' title='bbox 1051 446 1242 497; x_wconf 87' lang='lat' dir='ltr'><strong>puteum</strong></span> <span class='ocrx_word' id='word_1_25' title='bbox 1261 437 1493 485; x_wconf 65' lang='lat' dir='ltr'><strong>coniecere</strong></span> <span class='ocrx_word' id='word_1_26' title='bbox 1509 435 1589 484; x_wconf 84' lang='lat' dir='ltr'><strong>sta·</strong></span> 
     </span>
     <span class='ocr_line' id='line_1_5' title="bbox 184 490 1591 568; baseline 0.001 -19"><span class='ocrx_word' id='word_1_27' title='bbox 184 504 291 558; x_wconf 84' lang='lat' dir='ltr'><strong>tim,</strong></span> <span class='ocrx_word' id='word_1_28' title='bbox 313 511 415 548; x_wconf 89' lang='lat' dir='ltr'><strong>ante</strong></span> <span class='ocrx_word' id='word_1_29' title='bbox 436 499 706 566; x_wconf 60' lang='lat' dir='ltr'><strong>quam‘istius</strong></span> <span class='ocrx_word' id='word_1_30' title='bbox 725 502 814 548; x_wconf 85' lang='lat' dir='ltr'><strong>vitii</strong></span> <span class='ocrx_word' id='word_1_31' title='bbox 836 503 1083 566; x_wconf 86' lang='lat' dir='ltr'><strong>periculum</strong></span> <span class='ocrx_word' id='word_1_32' title='bbox 1101 500 1217 550; x_wconf 76' lang='lat' dir='ltr'><strong>esset.</strong></span> <span class='ocrx_word' id='word_1_33' title='bbox 1269 490 1591 568; x_wconf 56' lang='lat' dir='ltr'><strong>Deindepote·</strong></span> 
     </span>
     <span class='ocr_line' id='line_1_6' title="bbox 183 564 1590 637; baseline 0.001 -20"><span class='ocrx_word' id='word_1_34' title='bbox 183 579 294 624; x_wconf 84' lang='lat' dir='ltr'><strong>rant,</strong></span> <span class='ocrx_word' id='word_1_35' title='bbox 304 579 354 616; x_wconf 88' lang='lat' dir='ltr'><strong>vt</strong></span> <span class='ocrx_word' id='word_1_36' title='bbox 372 569 443 615; x_wconf 86' lang='lat' dir='ltr'><strong>alii</strong></span> <span class='ocrx_word' id='word_1_37' title='bbox 462 568 620 625; x_wconf 84' lang='lat' dir='ltr'><strong>fecere,</strong></span> <span class='ocrx_word' id='word_1_38' title='bbox 641 568 685 615; x_wconf 80' lang='lat' dir='ltr'><strong>i&#39;n</strong></span> <span class='ocrx_word' id='word_1_39' title='bbox 698 571 902 633; x_wconf 83' lang='lat' dir='ltr'><strong>proximo</strong></span> <span class='ocrx_word' id='word_1_40' title='bbox 915 568 1205 616; x_wconf 88' lang='lat' dir='ltr'><strong>Eucharistiae</strong></span> <span class='ocrx_word' id='word_1_41' title='bbox 1216 569 1435 618; x_wconf 75' lang='lat' dir='ltr'><strong>sacrovti:</strong></span> <span class='ocrx_word' id='word_1_42' title='bbox 1453 564 1590 637; x_wconf 50' lang='lat' dir='ltr'><strong>atique</strong></span> 
     </span>
     <span class='ocr_line' id='line_1_7' title="bbox 183 634 1587 703; baseline 0.001 -19"><span class='ocrx_word' id='word_1_43' title='bbox 183 639 246 685; x_wconf 85' lang='lat' dir='ltr'><strong>ita</strong></span> <span class='ocrx_word' id='word_1_44' title='bbox 265 635 468 684; x_wconf 75' lang='lat' dir='ltr'><strong>fecissent</strong></span> <span class='ocrx_word' id='word_1_45' title='bbox 486 636 592 701; x_wconf 75' lang='lat' dir='ltr'><strong>haut</strong></span> <span class='ocrx_word' id='word_1_46' title='bbox 602 634 789 691; x_wconf 64' lang='lat' dir='ltr'><strong>dnbieffi</strong></span> <span class='ocrx_word' id='word_1_47' title='bbox 810 638 854 682; x_wconf 88' lang='lat' dir='ltr'><strong>in</strong></span> <span class='ocrx_word' id='word_1_48' title='bbox 875 637 925 684; x_wconf 87' lang='lat' dir='ltr'><strong>iis</strong></span> <span class='ocrx_word' id='word_1_49' title='bbox 945 635 1031 683; x_wconf 81' lang='lat' dir='ltr'><strong>effe</strong></span> <span class='ocrx_word' id='word_1_50' title='bbox 1044 642 1174 684; x_wconf 88' lang='lat' dir='ltr'><strong>etiam</strong></span> <span class='ocrx_word' id='word_1_51' title='bbox 1197 635 1297 703; x_wconf 89' lang='lat' dir='ltr'><strong>post</strong></span> <span class='ocrx_word' id='word_1_52' title='bbox 1316 639 1484 686; x_wconf 73' lang='lat' dir='ltr'><strong>sacrum</strong></span> <span class='ocrx_word' id='word_1_53' title='bbox 1495 646 1587 685; x_wconf 77' lang='lat' dir='ltr'><strong>er‘e·</strong></span> 
     </span>
     <span class='ocr_line' id='line_1_8' title="bbox 184 702 1588 769; baseline 0.001 -18"><span class='ocrx_word' id='word_1_54' title='bbox 184 705 345 752; x_wconf 86' lang='lat' dir='ltr'><strong>derent</strong></span> <span class='ocrx_word' id='word_1_55' title='bbox 363 721 518 751; x_wconf 87' lang='lat' dir='ltr'><strong>verum</strong></span> <span class='ocrx_word' id='word_1_56' title='bbox 531 702 688 751; x_wconf 83' lang='lat' dir='ltr'><strong>christi</strong></span> <span class='ocrx_word' id='word_1_57' title='bbox 703 721 880 769; x_wconf 86' lang='lat' dir='ltr'><strong>corpus.</strong></span> <span class='ocrx_word' id='word_1_58' title='bbox 912 702 1116 752; x_wconf 72' lang='lat' dir='ltr'><strong>Profesto</strong></span> <span class='ocrx_word' id='word_1_59' title='bbox 1138 707 1197 752; x_wconf 90' lang='lat' dir='ltr'><strong>ita</strong></span> <span class='ocrx_word' id='word_1_60' title='bbox 1207 705 1282 761; x_wconf 87' lang='lat' dir='ltr'><strong>est,</strong></span> <span class='ocrx_word' id='word_1_61' title='bbox 1294 719 1342 754; x_wconf 86' lang='lat' dir='ltr'><strong>vt</strong></span> <span class='ocrx_word' id='word_1_62' title='bbox 1361 705 1588 753; x_wconf 67' lang='lat' dir='ltr'><strong>antedixi:</strong></span> 
     </span>
     <span class='ocr_line' id='line_1_9' title="bbox 185 770 1592 838; baseline 0.001 -18"><span class='ocrx_word' id='word_1_63' title='bbox 185 770 478 838; x_wconf 84' lang='lat' dir='ltr'><strong>superstitiosa</strong></span> <span class='ocrx_word' id='word_1_64' title='bbox 495 771 638 836; x_wconf 88' lang='lat' dir='ltr'><strong>aliqua</strong></span> <span class='ocrx_word' id='word_1_65' title='bbox 660 770 1066 837; x_wconf 83' lang='lat' dir='ltr'><strong>opinione&#39;decepti</strong></span> <span class='ocrx_word' id='word_1_66' title='bbox 1089 773 1323 837; x_wconf 89' lang='lat' dir='ltr'><strong>putabant,</strong></span> <span class='ocrx_word' id='word_1_67' title='bbox 1347 789 1444 821; x_wconf 86' lang='lat' dir='ltr'><strong>non</strong></span> <span class='ocrx_word' id='word_1_68' title='bbox 1463 773 1592 833; x_wconf 75' lang='lat' dir='ltr'><strong>dece·</strong></span> 
     </span>
     <span class='ocr_line' id='line_1_10' title="bbox 187 837 1591 908; baseline 0.001 -20"><span class='ocrx_word' id='word_1_69' title='bbox 187 857 259 897; x_wconf 86' lang='lat' dir='ltr'><strong>re,·</strong></span> <span class='ocrx_word' id='word_1_70' title='bbox 272 856 434 906; x_wconf 84' lang='lat' dir='ltr'><strong>panem</strong></span> <span class='ocrx_word' id='word_1_71' title='bbox 448 856 564 894; x_wconf 89' lang='lat' dir='ltr'><strong>eum,</strong></span> <span class='ocrx_word' id='word_1_72' title='bbox 588 841 661 903; x_wconf 93' lang='lat' dir='ltr'><strong>qui</strong></span> <span class='ocrx_word' id='word_1_73' title='bbox 673 841 738 885; x_wconf 87' lang='lat' dir='ltr'><strong>rei</strong></span> <span class='ocrx_word' id='word_1_74' title='bbox 748 839 884 887; x_wconf 82' lang='lat' dir='ltr'><strong>sacrae</strong></span> <span class='ocrx_word' id='word_1_75' title='bbox 898 837 1133 899; x_wconf 80' lang='lat' dir='ltr'><strong>destinatus</strong></span> <span class='ocrx_word' id='word_1_76' title='bbox 1143 856 1223 905; x_wconf 89' lang='lat' dir='ltr'><strong>per</strong></span> <span class='ocrx_word' id='word_1_77' title='bbox 1232 840 1591 908; x_wconf 61' lang='grc' dir='ltr'><strong>εὐχαςιςίαύᾗιὶίῖ</strong></span> 
     </span>
     <span class='ocr_line' id='line_1_11' title="bbox 189 905 1587 982; baseline -0.001 -27"><span class='ocrx_word' id='word_1_78' title='bbox 189 907 263 963; x_wconf 86' lang='lat' dir='ltr'><strong>fet,</strong></span> <span class='ocrx_word' id='word_1_79' title='bbox 283 908 481 973; x_wconf 81' lang='lat' dir='ltr'>profanis</span> <span class='ocrx_word' id='word_1_80' title='bbox 495 905 635 954; x_wconf 76' lang='lat' dir='ltr'><strong>vsibus</strong></span> <span class='ocrx_word' id='word_1_81' title='bbox 655 907 827 962; x_wconf 87' lang='lat' dir='ltr'><strong>seruire,</strong></span> <span class='ocrx_word' id='word_1_82' title='bbox 845 916 892 953; x_wconf 89' lang='lat' dir='ltr'><strong>et</strong></span> <span class='ocrx_word' id='word_1_83' title='bbox 911 918 958 953; x_wconf 85' lang='lat' dir='ltr'><strong>vt</strong></span> <span class='ocrx_word' id='word_1_84' title='bbox 977 906 1130 954; x_wconf 88' lang='lat' dir='ltr'><strong>cibum</strong></span> <span class='ocrx_word' id='word_1_85' title='bbox 1150 909 1378 982; x_wconf 45' lang='lat' dir='ltr'><strong>vulgarem</strong></span> <span class='ocrx_word' id='word_1_86' title='bbox 1398 909 1587 969; x_wconf 70' lang='lat' dir='ltr'><strong>abffimi:</strong></span> 
     </span>
     <span class='ocr_line' id='line_1_12' title="bbox 187 968 1588 1039; baseline 0 -16"><span class='ocrx_word' id='word_1_87' title='bbox 187 982 275 1030; x_wconf 82' lang='lat' dir='ltr'><strong>aut,</strong></span> <span class='ocrx_word' id='word_1_88' title='bbox 295 974 416 1039; x_wconf 87' lang='lat' dir='ltr'><strong>quod</strong></span> <span class='ocrx_word' id='word_1_89' title='bbox 428 975 554 1038; x_wconf 83' lang='lat' dir='ltr'><strong>supra</strong></span> <span class='ocrx_word' id='word_1_90' title='bbox 574 977 817 1030; x_wconf 87' lang='lat' dir='ltr'><strong>innueram,</strong></span> <span class='ocrx_word' id='word_1_91' title='bbox 836 973 1055 1020; x_wconf 81' lang='lat' dir='ltr'>timebant</span> <span class='ocrx_word' id='word_1_92' title='bbox 1074 973 1429 1039; x_wconf 80' lang='lat' dir='ltr'><strong>superstitionem</strong></span> <span class='ocrx_word' id='word_1_93' title='bbox 1443 968 1588 1023; x_wconf 79' lang='lat' dir='ltr'><strong>homi·</strong></span> 
     </span>
     <span class='ocr_line' id='line_1_13' title="bbox 185 1040 1591 1106; baseline -0.001 -15"><span class='ocrx_word' id='word_1_94' title='bbox 185 1046 308 1099; x_wconf 79' lang='lat' dir='ltr'><strong>num,</strong></span> <span class='ocrx_word' id='word_1_95' title='bbox 320 1059 432 1105; x_wconf 87' lang='lat' dir='ltr'><strong>quae</strong></span> <span class='ocrx_word' id='word_1_96' title='bbox 443 1043 520 1088; x_wconf 90' lang='lat' dir='ltr'><strong>illo</strong></span> <span class='ocrx_word' id='word_1_97' title='bbox 533 1058 648 1106; x_wconf 90' lang='lat' dir='ltr'><strong>pane</strong></span> <span class='ocrx_word' id='word_1_98' title='bbox 658 1040 868 1105; x_wconf 85' lang='lat' dir='ltr'>improbe</span> <span class='ocrx_word' id='word_1_99' title='bbox 879 1042 1002 1089; x_wconf 88' lang='lat' dir='ltr'><strong>abuti</strong></span> <span class='ocrx_word' id='word_1_100' title='bbox 1014 1052 1238 1106; x_wconf 87' lang='lat' dir='ltr'><strong>coeperat,</strong></span> <span class='ocrx_word' id='word_1_101' title='bbox 1247 1053 1298 1089; x_wconf 89' lang='lat' dir='ltr'><strong>vt</strong></span> <span class='ocrx_word' id='word_1_102' title='bbox 1308 1040 1472 1090; x_wconf 70' lang='lat' dir='ltr'><strong>fastum</strong></span> <span class='ocrx_word' id='word_1_103' title='bbox 1486 1042 1591 1089; x_wconf 67' lang='lat' dir='ltr'><strong>cim·</strong></span> 
     </span>
     <span class='ocr_line' id='line_1_14' title="bbox 185 1108 1590 1176; baseline 0 -19"><span class='ocrx_word' id='word_1_104' title='bbox 185 1108 264 1158; x_wconf 87' lang='lat' dir='ltr'><strong>stat</strong></span> <span class='ocrx_word' id='word_1_105' title='bbox 274 1128 297 1156; x_wconf 92' lang='lat' dir='ltr'><strong>a</strong></span> <span class='ocrx_word' id='word_1_106' title='bbox 311 1111 514 1176; x_wconf 73' lang='lat' dir='ltr'><strong><em>Gregorii</em></strong></span> <span class='ocrx_word' id='word_1_107' title='bbox 525 1111 799 1158; x_wconf 82' lang='lat' dir='ltr'><strong>Nazianzem‘</strong></span> <span class='ocrx_word' id='word_1_108' title='bbox 808 1110 970 1165; x_wconf 86' lang='lat' dir='ltr'><strong>sorore,</strong></span> <span class='ocrx_word' id='word_1_109' title='bbox 990 1124 1104 1174; x_wconf 81' lang='lat' dir='ltr'><strong>quae</strong></span> <span class='ocrx_word' id='word_1_110' title='bbox 1125 1127 1179 1156; x_wconf 90' lang='lat' dir='ltr'><strong>eo</strong></span> <span class='ocrx_word' id='word_1_111' title='bbox 1191 1111 1267 1158; x_wconf 91' lang='lat' dir='ltr'><strong>vsu</strong></span> <span class='ocrx_word' id='word_1_112' title='bbox 1280 1115 1459 1166; x_wconf 54' lang='lat' dir='ltr'><strong>eratssw‘t.</strong></span> <span class='ocrx_word' id='word_1_113' title='bbox 1470 1115 1590 1157; x_wconf 71' lang='lat' dir='ltr'><strong>mor-</strong></span> 
     </span>
     <span class='ocr_line' id='line_1_15' title="bbox 186 1173 1591 1243; baseline -0.001 -17"><span class='ocrx_word' id='word_1_114' title='bbox 186 1179 296 1227; x_wconf 89' lang='lat' dir='ltr'><strong>bum</strong></span> <span class='ocrx_word' id='word_1_115' title='bbox 317 1177 573 1243; x_wconf 80' lang='lat' dir='ltr'><strong>depelleret.</strong></span> <span class='ocrx_word' id='word_1_116' title='bbox 624 1180 775 1241; x_wconf 86' lang='lat' dir='ltr'><strong>Itaque</strong></span> <span class='ocrx_word' id='word_1_117' title='bbox 794 1179 923 1224; x_wconf 90' lang='lat' dir='ltr'><strong>etiam</strong></span> <span class='ocrx_word' id='word_1_118' title='bbox 946 1179 992 1223; x_wconf 87' lang='lat' dir='ltr'><strong>in</strong></span> <span class='ocrx_word' id='word_1_119' title='bbox 1013 1186 1126 1241; x_wconf 86' lang='lat' dir='ltr'><strong>pane</strong></span> <span class='ocrx_word' id='word_1_120' title='bbox 1144 1179 1317 1239; x_wconf 84' lang='lat' dir='ltr'><strong>tantum</strong></span> <span class='ocrx_word' id='word_1_121' title='bbox 1337 1173 1591 1224; x_wconf 63' lang='lat' dir='ltr'><strong>istnfflvsur-</strong></span> 
     </span>
     <span class='ocr_line' id='line_1_16' title="bbox 183 1242 1591 1325; baseline -0.001 -32"><span class='ocrx_word' id='word_1_122' title='bbox 183 1260 365 1325; x_wconf 69' lang='lat' dir='ltr'><strong>patum,</strong></span> <span class='ocrx_word' id='word_1_123' title='bbox 386 1255 434 1292; x_wconf 87' lang='lat' dir='ltr'><strong>vt</strong></span> <span class='ocrx_word' id='word_1_124' title='bbox 452 1246 727 1301; x_wconf 84' lang='lat' dir='ltr'><strong>aboleretur,</strong></span> <span class='ocrx_word' id='word_1_125' title='bbox 748 1260 839 1291; x_wconf 86' lang='lat' dir='ltr'><strong>non</strong></span> <span class='ocrx_word' id='word_1_126' title='bbox 860 1246 906 1291; x_wconf 91' lang='lat' dir='ltr'><strong>in</strong></span> <span class='ocrx_word' id='word_1_127' title='bbox 925 1247 1052 1300; x_wconf 88' lang='lat' dir='ltr'><strong>vin0‚·</strong></span> <span class='ocrx_word' id='word_1_128' title='bbox 1069 1244 1191 1307; x_wconf 87' lang='lat' dir='ltr'><strong>quod</strong></span> <span class='ocrx_word' id='word_1_129' title='bbox 1211 1244 1381 1312; x_wconf 76' lang='lat' dir='ltr'><strong>talibus·=</strong></span> <span class='ocrx_word' id='word_1_130' title='bbox 1391 1242 1591 1313; x_wconf 69' lang='lat' dir='ltr'><strong>supersti-</strong></span> 
     </span>
     <span class='ocr_line' id='line_1_17' title="bbox 186 1310 1592 1378; baseline -0.002 -16"><span class='ocrx_word' id='word_1_131' title='bbox 186 1312 388 1362; x_wconf 81' lang='lat' dir='ltr'><strong>tionibus</strong></span> <span class='ocrx_word' id='word_1_132' title='bbox 401 1329 492 1360; x_wconf 89' lang='lat' dir='ltr'><strong>non</strong></span> <span class='ocrx_word' id='word_1_133' title='bbox 506 1315 565 1359; x_wconf 90' lang='lat' dir='ltr'><strong>ita</strong></span> <span class='ocrx_word' id='word_1_134' title='bbox 576 1323 728 1378; x_wconf 85' lang='lat' dir='ltr'><strong>aptum</strong></span> <span class='ocrx_word' id='word_1_135' title='bbox 741 1324 844 1368; x_wconf 87' lang='lat' dir='ltr'><strong>erat,</strong></span> <span class='ocrx_word' id='word_1_136' title='bbox 857 1323 902 1358; x_wconf 91' lang='lat' dir='ltr'><strong>et</strong></span> <span class='ocrx_word' id='word_1_137' title='bbox 911 1310 1051 1357; x_wconf 89' lang='lat' dir='ltr'><strong>statim</strong></span> <span class='ocrx_word' id='word_1_138' title='bbox 1063 1311 1259 1359; x_wconf 84' lang='lat' dir='ltr'><strong>bibendo</strong></span> <span class='ocrx_word' id='word_1_139' title='bbox 1269 1310 1592 1370; x_wconf 50' lang='lat' dir='ltr'><strong>absumebatur.</strong></span> 
     </span>
    </p>

    <p class='ocr_par' dir='ltr' id='par_1_3' title="bbox 184 1376 1592 2052">
     <span class='ocr_line' id='line_1_18' title="bbox 285 1376 1592 1428; baseline -0.002 0"><span class='ocrx_word' id='word_1_140' title='bbox 285 1380 370 1428; x_wconf 87' lang='lat' dir='ltr'><strong>Sed</strong></span> <span class='ocrx_word' id='word_1_141' title='bbox 381 1380 480 1427; x_wconf 86' lang='lat' dir='ltr'><strong>vide</strong></span> <span class='ocrx_word' id='word_1_142' title='bbox 500 1382 610 1426; x_wconf 85' lang='lat' dir='ltr'><strong>mihi</strong></span> <span class='ocrx_word' id='word_1_143' title='bbox 629 1380 756 1426; x_wconf 89' lang='lat' dir='ltr'><strong>aliam</strong></span> <span class='ocrx_word' id='word_1_144' title='bbox 778 1396 870 1425; x_wconf 88' lang='lat' dir='ltr'><strong>non</strong></span> <span class='ocrx_word' id='word_1_145' title='bbox 891 1381 1038 1425; x_wconf 90' lang='lat' dir='ltr'><strong>minus</strong></span> <span class='ocrx_word' id='word_1_146' title='bbox 1062 1377 1221 1426; x_wconf 87' lang='lat' dir='ltr'><strong>bellam</strong></span> <span class='ocrx_word' id='word_1_147' title='bbox 1240 1376 1592 1427; x_wconf 55' lang='lat' dir='ltr'><strong>ra&#39;tionelffl&#39;nve-</strong></span> 
     </span>
     <span class='ocr_line' id='line_1_19' title="bbox 184 1434 1592 1512; baseline -0.002 -16"><span class='ocrx_word' id='word_1_148' title='bbox 184 1459 306 1497; x_wconf 84' lang='lat' dir='ltr'><strong>teres</strong></span> <span class='ocrx_word' id='word_1_149' title='bbox 319 1485 331 1504; x_wconf 92' lang='lat'>,</span> <span class='ocrx_word' id='word_1_150' title='bbox 366 1449 447 1503; x_wconf 86' lang='lat' dir='ltr'><strong>ait,</strong></span> <span class='ocrx_word' id='word_1_151' title='bbox 470 1465 522 1494; x_wconf 83' lang='lat' dir='ltr'><strong>ex</strong></span> <span class='ocrx_word' id='word_1_152' title='bbox 540 1448 618 1494; x_wconf 90' lang='lat' dir='ltr'><strong>illo</strong></span> <span class='ocrx_word' id='word_1_153' title='bbox 638 1446 731 1511; x_wconf 88' lang='lat' dir='ltr'><strong>ipso</strong></span> <span class='ocrx_word' id='word_1_154' title='bbox 751 1448 881 1504; x_wconf 88' lang='lat' dir='ltr'><strong>vitio,</strong></span> <span class='ocrx_word' id='word_1_155' title='bbox 900 1446 1023 1511; x_wconf 86' lang='lat' dir='ltr'><strong>quod</strong></span> <span class='ocrx_word' id='word_1_156' title='bbox 1047 1445 1320 1494; x_wconf 68' lang='lat' dir='ltr'><strong>contraxisset</strong></span> <span class='ocrx_word' id='word_1_157' title='bbox 1339 1434 1592 1512; x_wconf 45' lang='lat' dir='ltr'><strong>panio-{col-</strong></span> 
     </span>
     <span class='ocr_line' id='line_1_20' title="bbox 189 1506 1591 1579; baseline -0.002 -16"><span class='ocrx_word' id='word_1_158' title='bbox 189 1513 362 1578; x_wconf 76' lang='lat' dir='ltr'><strong>legifl&#39;e‚</strong></span> <span class='ocrx_word' id='word_1_159' title='bbox 392 1533 544 1577; x_wconf 77' lang='lat' dir='ltr'><strong>corpus</strong></span> <span class='ocrx_word' id='word_1_160' title='bbox 568 1514 726 1577; x_wconf 71' lang='lat' dir='ltr'><strong>Chrzsti</strong></span> <span class='ocrx_word' id='word_1_161' title='bbox 741 1519 893 1577; x_wconf 73' lang='lat' dir='ltr'><strong>aparte</strong></span> <span class='ocrx_word' id='word_1_162' title='bbox 911 1517 982 1561; x_wconf 77' lang='lat' dir='ltr'><strong>illo·</strong></span> <span class='ocrx_word' id='word_1_163' title='bbox 1003 1514 1213 1577; x_wconf 69' lang='lat' dir='ltr'><strong>rectjffiſj&#39;c‘:</strong></span> <span class='ocrx_word' id='word_1_164' title='bbox 1243 1506 1591 1579; x_wconf 52' lang='lat' dir='ltr'><strong>atquelobssffibb</strong></span> 
     </span>
     <span class='ocr_line' id='line_1_21' title="bbox 189 1575 1590 1644; baseline -0.004 -13"><span class='ocrx_word' id='word_1_165' title='bbox 189 1581 379 1631; x_wconf 81' lang='lat' dir='ltr'><strong>cauffam</strong></span> <span class='ocrx_word' id='word_1_166' title='bbox 393 1581 469 1629; x_wconf 83' lang='lat' dir='ltr'><strong>fibi</strong></span> <span class='ocrx_word' id='word_1_167' title='bbox 488 1584 690 1644; x_wconf 81' lang='lat' dir='ltr'><strong>religioni</strong></span> <span class='ocrx_word' id='word_1_168' title='bbox 715 1598 808 1628; x_wconf 87' lang='lat' dir='ltr'><strong>non</strong></span> <span class='ocrx_word' id='word_1_169' title='bbox 830 1580 996 1636; x_wconf 84' lang='lat' dir='ltr'><strong>duxisse,</strong></span> <span class='ocrx_word' id='word_1_170' title='bbox 1016 1581 1194 1626; x_wconf 75' lang='lat' dir='ltr'><strong>abolere</strong></span> <span class='ocrx_word' id='word_1_171' title='bbox 1211 1586 1333 1628; x_wconf 84' lang='lat' dir='ltr'><strong>eum.·</strong></span> <span class='ocrx_word' id='word_1_172' title='bbox 1358 1575 1590 1644; x_wconf 69' lang='lat' dir='ltr'><strong>Hic&#39;q&#39;uam</strong></span> 
     </span>
     <span class='ocr_line' id='line_1_22' title="bbox 188 1647 1588 1712; baseline -0.002 -14"><span class='ocrx_word' id='word_1_173' title='bbox 188 1652 341 1698; x_wconf 80' lang='lat' dir='ltr'><strong>multis</strong></span> <span class='ocrx_word' id='word_1_174' title='bbox 360 1649 504 1697; x_wconf 89' lang='lat' dir='ltr'><strong>modis</strong></span> <span class='ocrx_word' id='word_1_175' title='bbox 526 1650 570 1696; x_wconf 85' lang='lat' dir='ltr'><strong>se</strong></span> <span class='ocrx_word' id='word_1_176' title='bbox 590 1650 801 1712; x_wconf 88' lang='lat' dir='ltr'><strong>implicat.</strong></span> <span class='ocrx_word' id='word_1_177' title='bbox 879 1651 1072 1695; x_wconf 90' lang='lat' dir='ltr'><strong>Primum</strong></span> <span class='ocrx_word' id='word_1_178' title='bbox 1092 1649 1149 1694; x_wconf 85' lang='lat' dir='ltr'><strong>ita</strong></span> <span class='ocrx_word' id='word_1_179' title='bbox 1169 1647 1443 1710; x_wconf 83' lang='lat' dir='ltr'><strong>confingitur</strong></span> <span class='ocrx_word' id='word_1_180' title='bbox 1460 1661 1588 1712; x_wconf 86' lang='lat' dir='ltr'><strong>pror-</strong></span> 
     </span>
     <span class='ocr_line' id='line_1_23' title="bbox 189 1713 1590 1783; baseline -0.003 -17"><span class='ocrx_word' id='word_1_181' title='bbox 189 1719 256 1766; x_wconf 86' lang='lat' dir='ltr'><strong>sus</strong></span> <span class='ocrx_word' id='word_1_182' title='bbox 278 1735 396 1764; x_wconf 86' lang='lat' dir='ltr'><strong>noua</strong></span> <span class='ocrx_word' id='word_1_183' title='bbox 414 1715 776 1783; x_wconf 68' lang='grc' dir='ltr'><strong><em>μεταμόξφωσὶς.</em></strong></span> <span class='ocrx_word' id='word_1_184' title='bbox 852 1719 973 1763; x_wconf 91' lang='lat' dir='ltr'><strong>Nam</strong></span> <span class='ocrx_word' id='word_1_185' title='bbox 995 1714 1024 1761; x_wconf 80' lang='lat' dir='ltr'>fi</span> <span class='ocrx_word' id='word_1_186' title='bbox 1045 1714 1204 1762; x_wconf 88' lang='lat' dir='ltr'><strong>Christi</strong></span> <span class='ocrx_word' id='word_1_187' title='bbox 1222 1720 1385 1782; x_wconf 75' lang='lat' dir='ltr'><strong>corpus</strong></span> <span class='ocrx_word' id='word_1_188' title='bbox 1405 1713 1590 1774; x_wconf 79' lang='lat' dir='ltr'><strong>re&#39;ce&#39;ffit,</strong></span> 
     </span>
     <span class='ocr_line' id='line_1_24' title="bbox 188 1781 1588 1852; baseline -0.001 -20"><span class='ocrx_word' id='word_1_189' title='bbox 188 1783 396 1852; x_wconf 67' lang='lat' dir='ltr'><strong>profesto</strong></span> <span class='ocrx_word' id='word_1_190' title='bbox 429 1797 504 1832; x_wconf 89' lang='lat' dir='ltr'><strong>aut</strong></span> <span class='ocrx_word' id='word_1_191' title='bbox 534 1785 605 1831; x_wconf 82' lang='lat' dir='ltr'><strong>illa</strong></span> <span class='ocrx_word' id='word_1_192' title='bbox 636 1785 802 1849; x_wconf 89' lang='lat' dir='ltr'><strong>species</strong></span> <span class='ocrx_word' id='word_1_193' title='bbox 847 1785 986 1830; x_wconf 82' lang='lat' dir='ltr'><strong>inanis</strong></span> <span class='ocrx_word' id='word_1_194' title='bbox 1015 1799 1099 1830; x_wconf 87' lang='lat' dir='ltr'><strong>vna</strong></span> <span class='ocrx_word' id='word_1_195' title='bbox 1136 1783 1395 1831; x_wconf 86' lang='lat' dir='ltr'><strong>euanescere</strong></span> <span class='ocrx_word' id='word_1_196' title='bbox 1424 1781 1588 1841; x_wconf 64' lang='lat' dir='ltr'><strong>debuit,</strong></span> 
     </span>
     <span class='ocr_line' id='line_1_25' title="bbox 190 1849 1588 1919; baseline -0.004 -18"><span class='ocrx_word' id='word_1_197' title='bbox 190 1854 314 1919; x_wconf 86' lang='lat' dir='ltr'><strong>quod</strong></span> <span class='ocrx_word' id='word_1_198' title='bbox 334 1853 452 1899; x_wconf 90' lang='lat' dir='ltr'><strong>nulla</strong></span> <span class='ocrx_word' id='word_1_199' title='bbox 472 1849 658 1899; x_wconf 63' lang='lat' dir='ltr'><strong>subieRa</strong></span> <span class='ocrx_word' id='word_1_200' title='bbox 679 1851 784 1899; x_wconf 90' lang='lat' dir='ltr'><strong>esset</strong></span> <span class='ocrx_word' id='word_1_201' title='bbox 803 1852 1030 1907; x_wconf 69' lang='lat' dir='ltr'><strong>materie5‚</strong></span> <span class='ocrx_word' id='word_1_202' title='bbox 1062 1852 1133 1897; x_wconf 88' lang='lat' dir='ltr'><strong>cui</strong></span> <span class='ocrx_word' id='word_1_203' title='bbox 1153 1849 1326 1906; x_wconf 67' lang='lat' dir='ltr'><strong>inesset,</strong></span> <span class='ocrx_word' id='word_1_204' title='bbox 1367 1862 1443 1909; x_wconf 78' lang='lat' dir='ltr'><strong>aut</strong></span> <span class='ocrx_word' id='word_1_205' title='bbox 1462 1852 1588 1915; x_wconf 84' lang='lat' dir='ltr'><strong>p&#39;anis</strong></span> 
     </span>
     <span class='ocr_line' id='line_1_26' title="bbox 190 1917 1588 1982; baseline -0.002 -14"><span class='ocrx_word' id='word_1_206' title='bbox 190 1922 372 1969; x_wconf 84' lang='lat' dir='ltr'><strong>materia</strong></span> <span class='ocrx_word' id='word_1_207' title='bbox 392 1919 544 1967; x_wconf 87' lang='lat' dir='ltr'><strong>debuit</strong></span> <span class='ocrx_word' id='word_1_208' title='bbox 564 1919 709 1966; x_wconf 87' lang='lat' dir='ltr'><strong>rursus</strong></span> <span class='ocrx_word' id='word_1_209' title='bbox 730 1918 895 1974; x_wconf 86' lang='lat' dir='ltr'><strong>redire,</strong></span> <span class='ocrx_word' id='word_1_210' title='bbox 930 1930 975 1964; x_wconf 90' lang='lat' dir='ltr'><strong>et</strong></span> <span class='ocrx_word' id='word_1_211' title='bbox 991 1919 1107 1964; x_wconf 90' lang='lat' dir='ltr'><strong>illam</strong></span> <span class='ocrx_word' id='word_1_212' title='bbox 1131 1917 1321 1982; x_wconf 89' lang='lat' dir='ltr'><strong>speciem</strong></span> <span class='ocrx_word' id='word_1_213' title='bbox 1341 1917 1588 1979; x_wconf 77' lang='lat' dir='ltr'><strong>destitutam</strong></span> 
     </span>
     <span class='ocr_line' id='line_1_27' title="bbox 190 1983 1587 2052; baseline -0.004 -15"><span class='ocrx_word' id='word_1_214' title='bbox 190 2007 215 2037; x_wconf 90' lang='lat' dir='ltr'><strong>a</strong></span> <span class='ocrx_word' id='word_1_215' title='bbox 234 1997 426 2052; x_wconf 88' lang='lat' dir='ltr'><strong>corpore</strong></span> <span class='ocrx_word' id='word_1_216' title='bbox 444 1985 673 2034; x_wconf 81' lang='lat' dir='ltr'><strong>sustinere:</strong></span> <span class='ocrx_word' id='word_1_217' title='bbox 702 1986 822 2050; x_wconf 88' lang='lat' dir='ltr'><strong>quod</strong></span> <span class='ocrx_word' id='word_1_218' title='bbox 843 1984 932 2031; x_wconf 77' lang='lat' dir='ltr'><strong>{ine</strong></span> <span class='ocrx_word' id='word_1_219' title='bbox 950 1988 989 2032; x_wconf 88' lang='lat' dir='ltr'><strong>vi</strong></span> <span class='ocrx_word' id='word_1_220' title='bbox 1007 1986 1156 2032; x_wconf 87' lang='lat' dir='ltr'><strong>diuina</strong></span> <span class='ocrx_word' id='word_1_221' title='bbox 1175 1984 1265 2032; x_wconf 82' lang='lat' dir='ltr'><strong>fieri</strong></span> <span class='ocrx_word' id='word_1_222' title='bbox 1290 1983 1453 2050; x_wconf 84' lang='lat' dir='ltr'><strong>potuit.</strong></span> <span class='ocrx_word' id='word_1_223' title='bbox 1487 1986 1587 2032; x_wconf 88' lang='lat' dir='ltr'><strong>Hu-</strong></span> 
     </span>
    </p>
   </div>
   <div class='ocr_carea' id='block_1_3' title="bbox 118 2050 1677 2112">
    <p class='ocr_par' dir='ltr' id='par_1_4' title="bbox 118 2050 1677 2112">
     <span class='ocr_line' id='line_1_28' title="bbox 118 2050 1677 2112; baseline -0.004 -7"><span class='ocrx_word' id='word_1_224' title='bbox 118 2074 131 2081; x_wconf 51' lang='grc'><strong>““</strong></span> <span class='ocrx_word' id='word_1_225' title='bbox 189 2060 257 2104; x_wconf 86' lang='lat' dir='ltr'><strong>ius</strong></span> <span class='ocrx_word' id='word_1_226' title='bbox 277 2064 424 2103; x_wconf 77' lang='lat' dir='ltr'><strong>autem</strong></span> <span class='ocrx_word' id='word_1_227' title='bbox 443 2058 519 2112; x_wconf 90' lang='lat' dir='ltr'><strong>rei,</strong></span> <span class='ocrx_word' id='word_1_228' title='bbox 539 2053 631 2102; x_wconf 78' lang='lat' dir='ltr'><strong>line</strong></span> <span class='ocrx_word' id='word_1_229' title='bbox 651 2057 775 2101; x_wconf 89' lang='lat' dir='ltr'><strong>omni</strong></span> <span class='ocrx_word' id='word_1_230' title='bbox 795 2053 952 2100; x_wconf 90' lang='lat' dir='ltr'><strong>idonea</strong></span> <span class='ocrx_word' id='word_1_231' title='bbox 976 2051 1111 2099; x_wconf 77' lang='lat' dir='ltr'>caussa</span> <span class='ocrx_word' id='word_1_232' title='bbox 1131 2064 1175 2098; x_wconf 87' lang='lat' dir='ltr'><strong>et</strong></span> <span class='ocrx_word' id='word_1_233' title='bbox 1187 2050 1460 2110; x_wconf 67' lang='lat' dir='ltr'><strong>austeritate,</strong></span> <span class='ocrx_word' id='word_1_234' title='bbox 1481 2068 1589 2099; x_wconf 81' lang='lat' dir='ltr'><strong>con·</strong></span> <span class='ocrx_word' id='word_1_235' title='bbox 1672 2075 1677 2077; x_wconf 83' lang='grc'>-</span> 
     </span>
    </p>
   </div>
   <div class='ocr_carea' id='block_1_4' title="bbox 174 2119 1589 2659">
    <p class='ocr_par' dir='ltr' id='par_1_5' title="bbox 174 2119 1589 2659">
     <span class='ocr_line' id='line_1_29' title="bbox 187 2119 1589 2187; baseline -0.004 -15"><span class='ocrx_word' id='word_1_236' title='bbox 187 2122 424 2186; x_wconf 84' lang='lat' dir='ltr'><strong>fingendae</strong></span> <span class='ocrx_word' id='word_1_237' title='bbox 443 2121 567 2187; x_wconf 87' lang='lat' dir='ltr'><strong>quod</strong></span> <span class='ocrx_word' id='word_1_238' title='bbox 599 2126 666 2170; x_wconf 90' lang='lat' dir='ltr'><strong>ius</strong></span> <span class='ocrx_word' id='word_1_239' title='bbox 689 2121 780 2168; x_wconf 78' lang='lat' dir='ltr'><strong>est?</strong></span> <span class='ocrx_word' id='word_1_240' title='bbox 831 2122 995 2167; x_wconf 88' lang='lat' dir='ltr'><strong>Omnia</strong></span> <span class='ocrx_word' id='word_1_241' title='bbox 1017 2122 1282 2167; x_wconf 84' lang='lat' dir='ltr'><strong>commentis</strong></span> <span class='ocrx_word' id='word_1_242' title='bbox 1303 2119 1589 2185; x_wconf 72' lang='lat' dir='ltr'><strong>explebimus,</strong></span> 
     </span>
     <span class='ocr_line' id='line_1_30' title="bbox 187 2186 1587 2252; baseline -0.005 -12"><span class='ocrx_word' id='word_1_243' title='bbox 187 2191 219 2239; x_wconf 83' lang='lat' dir='ltr'>fi</span> <span class='ocrx_word' id='word_1_244' title='bbox 238 2194 392 2240; x_wconf 89' lang='lat' dir='ltr'><strong>talium</strong></span> <span class='ocrx_word' id='word_1_245' title='bbox 408 2188 815 2252; x_wconf 86' lang='lat' dir='ltr'><strong>confingendorum</strong></span> <span class='ocrx_word' id='word_1_246' title='bbox 836 2189 1012 2235; x_wconf 84' lang='lat' dir='ltr'><strong>licentia</strong></span> <span class='ocrx_word' id='word_1_247' title='bbox 1031 2186 1316 2234; x_wconf 85' lang='lat' dir='ltr'><strong>concedatur.</strong></span> <span class='ocrx_word' id='word_1_248' title='bbox 1365 2186 1450 2234; x_wconf 87' lang='lat' dir='ltr'><strong>Sed</strong></span> <span class='ocrx_word' id='word_1_249' title='bbox 1473 2186 1587 2243; x_wconf 70' lang='lat' dir='ltr'><strong>ante,</strong></span> 
     </span>
     <span class='ocr_line' id='line_1_31' title="bbox 187 2253 1585 2325; baseline -0.006 -16"><span class='ocrx_word' id='word_1_250' title='bbox 187 2263 233 2309; x_wconf 89' lang='lat' dir='ltr'><strong>in</strong></span> <span class='ocrx_word' id='word_1_251' title='bbox 251 2261 392 2325; x_wconf 83' lang='lat' dir='ltr'><strong>priori</strong></span> <span class='ocrx_word' id='word_1_252' title='bbox 410 2260 592 2312; x_wconf 88' lang='lat' dir='ltr'><strong>ratione,</strong></span> <span class='ocrx_word' id='word_1_253' title='bbox 611 2258 790 2311; x_wconf 82' lang='lat' dir='ltr'><strong>dixerat,</strong></span> <span class='ocrx_word' id='word_1_254' title='bbox 813 2255 998 2302; x_wconf 83' lang='lat' dir='ltr'><strong>abolitas</strong></span> <span class='ocrx_word' id='word_1_255' title='bbox 1020 2254 1105 2301; x_wconf 82' lang='lat' dir='ltr'><strong>effe</strong></span> <span class='ocrx_word' id='word_1_256' title='bbox 1125 2256 1215 2315; x_wconf 85' lang='lat' dir='ltr'><strong>igni</strong></span> <span class='ocrx_word' id='word_1_257' title='bbox 1235 2253 1585 2318; x_wconf 55' lang='lat' dir='ltr'><strong>reliquias‘njuod</strong></span> 
     </span>
     <span class='ocr_line' id='line_1_32' title="bbox 174 2322 1586 2394; baseline -0.004 -19"><span class='ocrx_word' id='word_1_258' title='bbox 174 2329 347 2394; x_wconf 75' lang='lat' dir='ltr'><strong>poffent</strong></span> <span class='ocrx_word' id='word_1_259' title='bbox 356 2329 510 2373; x_wconf 86' lang='lat' dir='ltr'><strong>vitium</strong></span> <span class='ocrx_word' id='word_1_260' title='bbox 523 2325 799 2372; x_wconf 79' lang='lat' dir='ltr'><strong>contrahere:</strong></span> <span class='ocrx_word' id='word_1_261' title='bbox 814 2323 933 2387; x_wconf 91' lang='lat' dir='ltr'><strong>quod</strong></span> <span class='ocrx_word' id='word_1_262' title='bbox 947 2324 1239 2377; x_wconf 82' lang='lat' dir='ltr'><strong>committere,</strong></span> <span class='ocrx_word' id='word_1_263' title='bbox 1252 2322 1417 2375; x_wconf 81' lang='lat' dir='ltr'><strong>scilicet,</strong></span> <span class='ocrx_word' id='word_1_264' title='bbox 1429 2337 1586 2385; x_wconf 88' lang='lat' dir='ltr'><strong>parum</strong></span> 
     </span>
     <span class='ocr_line' id='line_1_33' title="bbox 187 2386 1585 2455; baseline -0.005 -13"><span class='ocrx_word' id='word_1_265' title='bbox 187 2395 401 2442; x_wconf 88' lang='lat' dir='ltr'><strong>decorum</strong></span> <span class='ocrx_word' id='word_1_266' title='bbox 411 2393 662 2440; x_wconf 86' lang='lat' dir='ltr'><strong>videbatur:</strong></span> <span class='ocrx_word' id='word_1_267' title='bbox 694 2408 814 2438; x_wconf 91' lang='lat' dir='ltr'><strong>nunc</strong></span> <span class='ocrx_word' id='word_1_268' title='bbox 825 2403 1060 2455; x_wconf 87' lang='lat' dir='ltr'><strong>propterea</strong></span> <span class='ocrx_word' id='word_1_269' title='bbox 1071 2390 1114 2436; x_wconf 89' lang='lat' dir='ltr'><strong>id</strong></span> <span class='ocrx_word' id='word_1_270' title='bbox 1125 2386 1303 2444; x_wconf 66' lang='lat' dir='ltr'><strong>faaum,</strong></span> <span class='ocrx_word' id='word_1_271' title='bbox 1315 2390 1388 2442; x_wconf 89' lang='lat' dir='ltr'><strong>ait,</strong></span> <span class='ocrx_word' id='word_1_272' title='bbox 1398 2387 1517 2452; x_wconf 87' lang='lat' dir='ltr'><strong>quod</strong></span> <span class='ocrx_word' id='word_1_273' title='bbox 1532 2405 1585 2435; x_wconf 81' lang='lat' dir='ltr'><strong>ex</strong></span> 
     </span>
     <span class='ocr_line' id='line_1_34' title="bbox 186 2454 1586 2523; baseline -0.006 -13"><span class='ocrx_word' id='word_1_274' title='bbox 186 2464 261 2510; x_wconf 91' lang='lat' dir='ltr'><strong>illo</strong></span> <span class='ocrx_word' id='word_1_275' title='bbox 276 2464 383 2508; x_wconf 87' lang='lat' dir='ltr'><strong>vitio</strong></span> <span class='ocrx_word' id='word_1_276' title='bbox 404 2462 716 2521; x_wconf 76' lang='lat' dir='ltr'><strong>intelligerent,</strong></span> <span class='ocrx_word' id='word_1_277' title='bbox 730 2475 892 2523; x_wconf 92' lang='lat' dir='ltr'><strong>corpus</strong></span> <span class='ocrx_word' id='word_1_278' title='bbox 909 2456 1062 2503; x_wconf 78' lang='lat' dir='ltr'><strong>christi</strong></span> <span class='ocrx_word' id='word_1_279' title='bbox 1085 2454 1305 2503; x_wconf 74' lang='lat' dir='ltr'><strong>recess‘iffe.</strong></span> <span class='ocrx_word' id='word_1_280' title='bbox 1339 2461 1466 2511; x_wconf 83' lang='lat' dir='ltr'><strong>Quae</strong></span> <span class='ocrx_word' id='word_1_281' title='bbox 1484 2455 1586 2502; x_wconf 83' lang='lat' dir='ltr'><strong>sunt</strong></span> 
     </span>
     <span class='ocr_line' id='line_1_35' title="bbox 180 2521 1586 2594; baseline -0.008 -17"><span class='ocrx_word' id='word_1_282' title='bbox 180 2531 367 2594; x_wconf 76' lang='lat' dir='ltr'><strong>prorsus</strong></span> <span class='ocrx_word' id='word_1_283' title='bbox 387 2531 694 2591; x_wconf 84' lang='lat' dir='ltr'><strong>repugnantia.</strong></span> <span class='ocrx_word' id='word_1_284' title='bbox 741 2531 861 2572; x_wconf 90' lang='lat' dir='ltr'><strong>Nam</strong></span> <span class='ocrx_word' id='word_1_285' title='bbox 882 2525 910 2571; x_wconf 83' lang='lat' dir='ltr'>fi</span> <span class='ocrx_word' id='word_1_286' title='bbox 931 2526 1021 2571; x_wconf 87' lang='lat' dir='ltr'><strong>hoc</strong></span> <span class='ocrx_word' id='word_1_287' title='bbox 1043 2524 1124 2579; x_wconf 88' lang='lat' dir='ltr'><strong>est,</strong></span> <span class='ocrx_word' id='word_1_288' title='bbox 1151 2521 1395 2588; x_wconf 67' lang='lat' dir='ltr'><strong>exspeflar&#39;e</strong></span> <span class='ocrx_word' id='word_1_289' title='bbox 1414 2522 1586 2585; x_wconf 83' lang='lat' dir='ltr'><strong>semper</strong></span> 
     </span>
     <span class='ocr_line' id='line_1_36' title="bbox 184 2591 1585 2659; baseline -0.007 -15"><span class='ocrx_word' id='word_1_290' title='bbox 184 2597 390 2651; x_wconf 84' lang='lat' dir='ltr'><strong>debuere,</strong></span> <span class='ocrx_word' id='word_1_291' title='bbox 411 2596 515 2641; x_wconf 86' lang='lat' dir='ltr'><strong>dum</strong></span> <span class='ocrx_word' id='word_1_292' title='bbox 537 2592 802 2659; x_wconf 70' lang='lat' dir='ltr'><strong>putrefaffio</strong></span> <span class='ocrx_word' id='word_1_293' title='bbox 824 2604 1064 2658; x_wconf 87' lang='lat' dir='ltr'><strong>appareret.</strong></span> <span class='ocrx_word' id='word_1_294' title='bbox 1111 2594 1243 2636; x_wconf 80' lang='lat' dir='ltr'><strong>Enim</strong></span> <span class='ocrx_word' id='word_1_295' title='bbox 1263 2606 1388 2646; x_wconf 88' lang='lat' dir='ltr'><strong>vero,</strong></span> <span class='ocrx_word' id='word_1_296' title='bbox 1408 2591 1468 2635; x_wconf 79' lang='lat' dir='ltr'><strong>ita</strong></span> <span class='ocrx_word' id='word_1_297' title='bbox 1489 2606 1585 2651; x_wconf 81' lang='lat' dir='ltr'><strong>non</strong></span> 
     </span>
    </p>
   </div>
   <div class='ocr_carea' id='block_1_5' title="bbox 182 2656 1583 2770">
    <p class='ocr_par' dir='ltr' id='par_1_6' title="bbox 182 2656 1583 2770">
     <span class='ocr_line' id='line_1_37' title="bbox 182 2656 1583 2733; baseline -0.008 -20"><span class='ocrx_word' id='word_1_298' title='bbox 182 2665 336 2733; x_wconf 85' lang='lat' dir='ltr'><strong>potuit</strong></span> <span class='ocrx_word' id='word_1_299' title='bbox 357 2663 523 2719; x_wconf 76' lang='lat' dir='ltr'><strong>caueri,</strong></span> <span class='ocrx_word' id='word_1_300' title='bbox 542 2679 599 2708; x_wconf 89' lang='lat' dir='ltr'><strong>ne</strong></span> <span class='ocrx_word' id='word_1_301' title='bbox 616 2660 890 2728; x_wconf 81' lang='lat' dir='ltr'><strong>putrefieret.</strong></span> <span class='ocrx_word' id='word_1_302' title='bbox 925 2658 1183 2723; x_wconf 77' lang='lat' dir='ltr'><strong>Atquehoc</strong></span> <span class='ocrx_word' id='word_1_303' title='bbox 1202 2660 1336 2705; x_wconf 81' lang='lat' dir='ltr'><strong>etiam</strong></span> <span class='ocrx_word' id='word_1_304' title='bbox 1355 2656 1468 2703; x_wconf 87' lang='lat' dir='ltr'><strong>cadit</strong></span> <span class='ocrx_word' id='word_1_305' title='bbox 1488 2668 1583 2702; x_wconf 85' lang='lat' dir='ltr'><strong>tan·</strong></span> 
     </span>
     <span class='ocr_line' id='line_1_38' title="bbox 1477 2735 1578 2770; baseline -0.01 0"><span class='ocrx_word' id='word_1_306' title='bbox 1477 2735 1578 2770; x_wconf 73' lang='lat' dir='ltr'><strong>tun]</strong></span> 
     </span>
    </p>
   </div>
  </div>
 </body>
</html>
