1682 3068
219 168 319 222 528
383 165 467 203 'naz
503 169 849 202 *ruzonoovmz
885 159 1157 197 flls‘ronlc.
1189 165 1257 193 ιτ
1295 163 1524 194 DOGMAT.

222 280 292 330 vel
315 276 509 327 ornanda
530 276 830 324 contulerunt
877 271 980 321 Vidi
998 270 1387 335 interpretationes
1408 268 1622 316 sacrarum

1680 227 1682 253 l

223 351 468 404 literarum,
503 355 551 392 et
572 353 834 404 argumenta
850 358 999 388 rerum
1017 339 1342 391 verissimarum,
1372 353 1464 383 non
1485 335 1624 383 modo
1681 374 1682 377 ,

224 415 461 479 repudiari,
496 412 618 477 quod
638 422 730 458 erat
751 409 997 465 ferendum,
1029 406 1060 454 si
1079 408 1191 454 salua
1212 407 1370 451 veritas
1390 404 1475 469 ipsa
1492 403 1626 450 relini-

223 493 449 548 queretur,
481 491 528 527 et
556 481 645 526 aliis
677 476 766 525 siue
784 479 904 526 locis
930 477 1197 542 scripturae,
1233 471 1322 518 siue
1349 473 1625 533 argumentis

224 551 498 605 firmaretur,
546 564 640 594 non
672 548 716 593 in
746 544 927 593 dubium
957 554 1200 599 vocaretur,
1230 540 1302 586 sed
1331 541 1463 585 etiam
1495 537 1625 603 suspi-

224 617 429 666 cionibus
461 613 686 662 inuidiosis
714 616 858 660 vexari
889 622 934 659 et
960 612 1171 663 infamari,
1205 624 1319 672 quae
1338 622 1502 666 magno
1523 621 1627 651 con·

225 687 350 734 sensu
370 686 550 732 summis
571 679 785 730 Ecclesiae
808 682 966 727 veteris
989 676 1243 725 dostoribus
1266 673 1448 739 probata
1464 671 1625 719 essent:

226 754 352 819 quod
378 749 581 817 profefi'to
609 752 653 797 in
683 750 768 795 hos
798 750 998 812 iniquum
1022 745 1094 798 est,
1126 757 1172 791 et
1202 759 1294 789 non
1318 742 1531 788 decorum
1551 757 1625 786 *ex*

226 818 556 888 probrantibus.
636 815 772 872 Quod
802 819 934 862 etiam
973 810 1324 861 transferendum
1358 806 1418 854 est
1446 807 1500 854 ad
1531 809 1627 870 opi*-

227 892 389 938 niones
419 887 474 933 de
503 883 830 951 quaestionibus
858 883 1137 942 theologicis,
1171 877 1416 941 dequibus
1445 876 1515 921 vel
1534 890 1629 921 non

227 957 461 1023 perspicue
488 955 534 1000 in
565 955 688 1001 sacris
718 952 840 998 libris
867 949 1068 1004 traditur,
1102 947 1173 994 vel
1202 945 1314 992 nihil
1342 941 1627 990 euidentibus

228 1021 587 1073 conclusionibus
611 1037 636 1066 e
656 1019 765 1066 locis
786 1019 1022 1081 scripturae
1040 1017 1181 1062 sacrae
1201 1006 1350 1072 colligi
1374 1007 1529 1074 potest.

333 1092 537 1139 Omnino
565 1087 810 1135 tenendum
841 1084 903 1131 est
931 1086 1018 1135 hoc
1046 1081 1265 1134 omnibu&
1300 1080 1374 1141 qui
1402 1081 1446 1123 in
1474 1077 1630 1124 Theo·

228 1162 348 1222 logia
370 1158 555 1205 feliciter
575 1155 712 1202 velint
729 1154 896 1209 versari,
930 1168 1026 1198 eam
1057 1166 1149 1196 non
1171 1146 1257 1194 esse
1273 1145 1540 1208 disciplinam
1563 1136 1629 1190 ra·

228 1229 363 1276 tionis
392 1237 438 1273 et
457 1225 625 1286 ingenii
657 1223 852 1275 humani,
883 1236 995 1283 quae
1022 1228 1117 1264 tota
1143 1214 1379 1267 subtilitate
1407 1209 1655 1258 dialestica‘

230 1296 378 1344 teneri
397 1291 538 1358 possit,
574 1289 645 1338 sed
664 1307 686 1336 a
705 1288 794 1336 fide
814 1287 932 1344 duci,
963 1287 1052 1333 hoc
1069 1283 1141 1340 est,
1173 1284 1225 1330 ab
1254 1278 1514 1345 ausloritate
1532 1280 1630 1333 Dei,

227 1381 300 1411 res
323 1362 520 1409 occultas
540 1360 700 1406 rationi
717 1356 943 1411 tradentis,
975 1368 1019 1401 et
1040 1371 1062 1399 a
1081 1349 1218 1409 saffis,
1251 1365 1366 1414 quae
1387 1347 1511 1394 sacris
1533 1346 1630 1393 lite·

229 1435 289 1479 ris
310 1431 467 1477 tradita
486 1439 731 1475 teneamuS.
799 1428 900 1479 Hic,
937 1424 1102 1468 clarum
1125 1417 1197 1476 est,
1217 1419 1367 1464 omnia
1387 1411 1474 1462 esse
1491 1416 1537 1461 in
1558 1429 1631 1459 ve-

229 1518 278 1547 ra
310 1498 600 1557 intelligentia
626 1494 866 1540 verborum
896 1503 942 1538 et
973 1487 1260 1536 historiarum.
1330 1485 1494 1540 Quaeri
1523 1488 1632 1528 Vero

232 1571 364 1614 etiam
387 1565 509 1619 solet,
545 1560 654 1628 quid
673 1558 859 1608 Ecclesia
880 1558 936 1605 de
955 1557 1059 1604 fidei
1079 1553 1294 1620 capitibus
1315 1550 1521 1604 statuerit,
1552 1548 1631 1614 qui

231 1635 377 1681 cultus
409 1633 611 1696 publicus
640 1629 794 1676 fuerit:
831 1644 923 1674 non
954 1636 1002 1672 vt
1028 1627 1192 1671 certior
1220 1620 1296 1667 fiat
1323 1617 1445 1674 fides,
1476 1625 1554 1663 aut
1581 1625 1631 1662 vt

231 1701 443 1749 iudicium
475 1699 668 1746 veritatis
690 1694 905 1742 Ecclesiae
934 1704 981 1739 et
1009 1689 1264 1738 dostoribus
1293 1688 1386 1732 eius
1408 1685 1631 1748 permitta-

231 1780 316 1825 tur,
351 1767 423 1816 sed
453 1778 500 1814 vt
526 1763 683 1812 testem
703 1764 941 1809 habeamus
971 1775 1063 1805 non
1086 1754 1402 1820 repudiandam
1421 1753 1632 1798 veritatis:

231 1838 366 1901 idque
388 1851 483 1882 non
505 1831 643 1879 modo
661 1833 811 1894 quaeri
831 1830 980 1892 coepit
999 1821 1326 1872 recentioribus
1353 1817 1631 1884 temporibus

234 1905 290 1952 ad
307 1899 616 1967 reprimendos
652 1900 852 1963 inprimis
876 1893 1147 1947 Pontificios,
1182 1892 1257 1955 qui
1277 1907 1299 1935 a
1319 1887 1545 1950 scripturis
1565 1901 1632 1932 re-

234 1971 347 2026 ieffl,
367 1974 412 2018 in
431 1970 505 2017 illa
524 1967 662 2014 veluti
682 1964 861 2014 subsidia
884 1964 926 2010 se
948 1964 1192 2015 coniecere,
1221 1956 1291 2004 sed
1311 1951 1483 2018 semper
1501 1964 1632 2016 quae«

234 2041 362 2088 situm
390 2036 474 2094 est,
510 2046 556 2083 vt
582 2036 734 2083 multis
761 2046 1024 2095 magnorum
1055 2028 1213 2075 veteris
1233 2020 1448 2076 Ecclesiae
1479 2017 1631 2066 dosto-

236 2126 338 2158 rum
360 2107 470 2153 locis
492 2102 674 2158 constat,
712 2103 1006 2167 inprimisque
1035 2096 1223 2143 docetur
1244 2088 1503 2139 induEtione
1533 2088 1631 2151 plu-

236 2179 356 2225 rium
384 2173 633 2221 seculorum
661 2190 684 2218 a
703 2172 897 2218 Facundo
917 2162 1229 2226 Hermianergfi,
1257 2162 1307 2206 in
1335 2156 1448 2205 libro
1472 2155 1636 2201 ‘multa-

237 2260 339 2292 rum
357 2241 575 2288 bonarum
597 2237 968 2286 obseruationum,
990 2243 1035 2280 et
1054 2241 1293 2296 propterea
1309 2223 1426 2272 leRu
1445 2218 1635 2283 digniffi·

238 2329 332 2366 mo,
365 2313 414 2356 de
436 2310 571 2355 tribus
591 2307 809 2370 Capitulis,
843 2305 918 2367 qui
939 2311 1064 2349 totus
1084 2312 1227 2362 prope
1245 2296 1404 2341 nititur
1426 2291 1509 2336 hac
1526 2304 1636 2335 con·¹

239 2378 481 2426 suetudine.
552 2377 664 2429 Quis
684 2384 834 2421 autem
855 2373 930 2418 hic
947 2368 1090 2416 rursus
1113 2381 1206 2411 non
1226 2361 1358 2416 videt,
1377 2359 1525 2405 omnia
1549 2351 1634 2402 esse

239 2443 451 2493 historica.
523 2445 646 2488 Inter
675 2442 783 2487 haec
811 2439 902 2486 duo
927 2434 1089 2499 aliquid
1106 2433 1206 2480 ‘loci
1237 2430 1364 2476 datur
1387 2421 1633 2471 dialefflcae

241 2512 484 2567 subtilitati,
518 2508 601 2563 sed,
634 2519 683 2555 vt
699 2509 825 2572 supra
845 2506 941 2560 dixi,
973 2500 1199 2555 hastenuS,
1234 2507 1282 2544 vt
1298 2496 1385 2542 illis
1404 2492 1536 2539 rebus
1559 2488 1634 2535 be-

240 2597 298 2627 ne
321 2590 478 2633 vtatur,
513 2593 606 2624 non
626 2575 763 2623 modo
792 2576 859 2621 via
887 2570 1071 2634 quadam
1092 2579 1139 2614 et
1158 2567 1327 2612 ratione
1348 2556 1633 2610 edisserendo,

241 2646 317 2697 sed
345 2648 478 2692 etiam
504 2661 556 2691 ex
585 2646 648 2703 iis,
677 2659 790 2709 quae
818 2642 999 2706 accepit,
1030 2628 1402 2698 argumentando,
1432 2623 1634 2685 ambigua

1492 2688 1633 2738 distin-
