1682 3068
154 159 256 209 449
654 161 732 192 An
769 161 1088 194 acronvm

160 268 319 316 Ierem.
338 284 367 312 c.
389 265 499 320 XV,
522 281 593 328 19.
634 267 679 315 T
697 269 788 314 III.
807 283 904 328 opp.
923 286 972 331 p.
995 271 1125 330 221.)
1160 266 1283 330 quod
1309 268 1354 321 in
1385 287 1433 317 ea
1454 269 1559 325 esset

160 349 307 393 genus
342 334 587 386 sanationis,
597 334 841 416 explicans
870 334 1052 383 verbum
1084 354 1108 382 e
1129 337 1310 384 Graecis
1328 340 1559 389 Ieremiae·

161 398 235 450 {dv
254 399 493 471 ἑπιςξὲψης
520 397 630 468 πξὸς
655 420 733 466 με,
765 398 836 462 κοιὶ
865 400 1205 458 dammas-viaco
1229 423 1302 458 σε,
1336 408 1457 468 quod
1486 407 1562 456 ille

163 469 301 517 refert
319 470 369 514 ad
393 472 659 517 sanationem
684 471 835 532 plagae
861 482 905 517 et
926 472 1128 524 vulneriS,
1163 475 1284 520 cuius
1314 485 1418 520 ante
1439 490 1562 522 men·

164 538 231 583 tio
255 536 315 582 fit.
386 537 502 585 Sed
491 555 535 584 m
565 539 769 584 hebraico
802 549 925 587 textu
952 539 1076 585 aliter
1098 536 1171 596 est,
1205 556 1288 584 nec
1307 538 1360 586 de
1382 540 1563 590 sanatio·

163 621 223 652 ne
244 604 430 665 intelligi
464 604 721 652 hebraicum
751 605 929 652 verbum
964 603 1118 669 potest.
1189 611 1397 655 Ceterum
1421 625 1468 656 ea
1499 611 1564 656 vis

164 672 287 718 verbi
318 670 379 718 est
406 676 450 719 in
484 677 542 718 N.
564 678 618 722 T.
638 672 712 720 vbi
754 671 806 719 de
834 690 965 720 manu
1000 674 1144 720 sanata
1179 674 1360 730 dicitur,
1403 678 1564 726 Mattlb

163 741 249 788 XI
251 743 282 795 Ῐ,
317 755 386 800 13,
460 745 563 788 Nec
592 757 696 798 vero
716 737 776 788 τοὶ
804 737 966 792 mium.
996 758 1186 818 quorum
1207 742 1566 799 ἀποκατάστασις

164 805 371 872 promissa
404 807 499 862 fuit,
530 809 629 864 alio,
663 826 794 871 quam
823 809 876 856 ad
904 811 1010 864 relic
987 811 1127 854 aionis
1163 809 1427 872 disciplinam
1455 811 1566 860 refe-

165 875 301 943 renda
322 875 443 922 sunt:
480 893 582 922 nam
603 879 750 923 necin
773 879 959 923 loannea
979 875 1332 930 οἱποκαταςοὶσει
1354 880 1436 927 τῶν
1457 876 1568 928 ποίν-

167 962 251 992 των
285 943 411 989 aliter
440 945 629 1022 intelligi
652 942 853 1006 possunt:
888 955 934 990 et
955 957 1052 990 tum
1080 946 1124 990 in
1145 948 1268 995 omni
1300 963 1463 1006 genere
1485 947 1568 995 ser-

166 1012 337 1066 monis,
379 1025 475 1057 tum
511 1014 556 1059 in
587 1012 850 1088 ScripturiS,
887 1008 950 1061 τοὶ
979 1006 1136 1059 πάντα.
1174 1013 1568 1065 circumscribendn

167 1078 272 1126 sunt
305 1081 398 1125 eius
428 1080 491 1125 rei
517 1080 729 1134 terminis,
766 1077 818 1123 de
838 1095 925 1140 qua
952 1078 1095 1125 sermo
1115 1076 1188 1130 est.
1227 1081 1346 1126 Bene
1366 1081 1434 1128 illa
1452 1080 1570 1145 apud

166 1148 382 1192 loannem
414 1149 495 1200 1V,
530 1161 605 1207 25.
651 1147 913 1192 Samaritana
957 1145 1139 1193 mulier:
1180 1148 1371 1203 Scimus,
1411 1150 1569 1211 inquit,

167 1211 387 1260 Christum
425 1223 692 1269 venturum;
742 1215 775 1260 is
807 1229 912 1260 cum
953 1215 1147 1269 venerit,
1192 1212 1445 1277 ἀναγγελεῖ
1469 1216 1568 1279 ἡμῖη

167 1278 354 1333 πάντα,
349 1278 654 1344 similiterque
680 1251 865 1327 loannes
893 1278 953 1328 τοὶ
974 1299 1125 1332 παντοι
1153 1275 1306 1340 εἰδέω,
1339 1293 1387 1330 et
1415 1286 1569 1333 verita

168 1358 261 1396 tem
284 1347 553 1408 cognouisse,
587 1351 612 1394 i.
634 1365 670 1394 e
695 1349 920 1409 Euangelii
942 1365 1088 1394 veram
1110 1359 1156 1394 et
1176 1348 1416 1412 perfessam
1434 1350 1570 1401 scien·

167 1418 272 1465 tiam
299 1415 473 1472 habere,
512 1426 747 1479 permutat,
779 1413 909 1480 Epist
931 1419 1099 1481 primae
1120 1419 1173 1469 ΙΙ,
1199 1434 1274 1466 20.
1516 1449 1538 1458 ..

272 1486 477 1550 Erasmus
503 1483 767 1539 mirabatur,
804 1500 937 1548 quare
967 1487 1012 1530 in
1043 1480 1243 1532 versione
1273 1485 1406 1531 latina
1438 1484 1571 1535 huius

170 1551 262 1603 loci
290 1552 408 1614 apud
439 1556 658 1601 Irenaeum
690 1554 773 1605 III,
799 1570 836 1598 1
869 1549 1227 1606 οἰποκοιτοίςσισις
1253 1549 1450 1606 πάντων,
1489 1569 1571 1615 pet

171 1620 473 1684 dispoſstionem
502 1621 703 1666 omnium
744 1617 933 1680 expressa
964 1616 1080 1668 esset
1125 1635 1210 1666 nec
1229 1618 1428 1700 capiebat
1454 1619 1570 1667 illius

170 1686 292 1734 verbi
325 1694 435 1734 vim:
468 1686 590 1750 quod
626 1687 741 1739 sane,
771 1685 1011 1733 secundum
1039 1686 1234 1746 vulgatas
1262 1683 1571 1738 οἰποκοιτοιςοί-

170 1773 282 1808 σεως
302 1754 472 1804 πάντων
494 1754 892 1816 interpretationes,
926 1750 987 1798 est
1007 1752 1216 1809 alienum,
1245 1764 1300 1809 at,
1331 1754 1573 1803 secundum

170 1819 376 1873 nostram,
413 1822 483 1867 vel
507 1821 742 1867 Paullinam
767 1822 918 1897 potius
940 1823 1367 1898 interpretationem,
1399 1823 1572 1884 optime

174 1889 402 1940 conuenit
442 1886 741 1965 ostenditque,
773 1890 818 1934 in
851 1879 1041 1935 Ecclesia
1071 1887 1369 1950 antiquissimis
1397 1899 1572 1952 tempo-

173 1956 296 2005 ribus
315 1952 449 2010 fuisse,
479 1958 556 2019 qui
575 1958 632 2001 ita
651 1956 913 2018 acciperent
983 1959 1105 2001 Nam
1127 1957 1429 2018 Euangelium
1451 1954 1575 2019 quod

173 2042 198 2072 a
219 2021 395 2071 Christo
429 2033 473 2068 et
505 2020 725 2085 Apostolis
753 2022 964 2068 traditum
998 2034 1228 2078 tenemus,
1274 2021 1335 2070 est
1369 2020 1572 2082 profesto

175 2089 405 2155 dispositio
442 2089 670 2145 ordinatio,
702 2087 959 2136 constitutio
982 2092 1207 2147 religionis
1225 2087 1432 2155 perfesta.
1465 2084 1574 2155 3163-

174 2158 334 2214 chrcc,
366 2159 577 2220 οἰκονομία
607 2174 723 2204 noua
744 2174 767 2203 a
787 2161 887 2203 Deo
908 2155 1173 2220 promissam
1194 2163 1242 2205 V.
1261 2161 1318 2204 T.
1339 2156 1460 2221 quod
1479 2175 1570 2203 ver-

172 2225 283 2274 bum
317 2243 397 2289 per
425 2226 719 2292 dispafltionem
753 2227 960 2288 exprimit
995 2235 1122 2271 vetus
1142 2225 1340 2276 >,latinitas
1370 2224 1573 2272 Ecclesia-

162 2293 290 2349 ‘stica‚
325 2293 451 2357 saepe
478 2294 769 2344 Tertullianus,
804 2295 847 2338 in
870 2308 962 2355 quo
981 2290 1043 2338 est
1071 2293 1298 2340 latinitatis
1314 2293 1431 2339 illius
1450 2290 1573 2340 basis.

270 2365 374 2408 Nec
402 2359 797 2424 praetermittenda
828 2359 1000 2406 videtur
1028 2357 1188 2413 versio,
1221 2377 1332 2423 quae
1364 2357 1426 2404 est
1453 2358 1574 2422 apud

174 2428 299 2476 hunc
325 2427 468 2492 ipsum
507 2429 816 2482 Tertullianum,
852 2443 944 2490 quo
975 2425 1101 2490 snpra
1127 2426 1416 2474 iudicauimus
1445 2427 1572 2474 loco:

174 2496 310 2559 vsque
330 2495 383 2541 ad
405 2502 613 2559 tempora
635 2495 897 2543 exhibitionis
933 2490 1134 2542 omnium.-
1165 2492 1255 2540 siue
1284 2495 1372 2560 ipse
1398 2496 1459 2539 ita
1478 2510 1573 2540 ver-

174 2564 246 2616 tit,
282 2560 370 2608 siue
391 2580 442 2608 ex
462 2563 610 2626 aliquo
639 2559 847 2608 versionis
876 2562 1080 2625 exemplo
1099 2559 1261 2608 sumsit.
1329 2562 1377 2608 ld
1395 2561 1574 2608 consen·

174 2631 231 2679 tit
257 2645 365 2680 cum
387 2633 584 2697 Syriaca,
618 2632 940 2694 interpretante
970 2638 1158 2678 euentum
1185 2632 1378 2686 omnium,
1413 2645 1523 2693 quae
1550 2646 1576 2674 a

1472 2698 1573 2743 Deo
1604 2714 1607 2717 ⁴
