1682 3068
480 163 487 167 ·
540 158 955 191 cunis-ruina
1350 159 1444 205 331

176 281 246 314 am
273 265 383 314 fuit:
431 273 480 313 et
505 281 556 312 ea
584 264 705 312 foret
726 263 1081 319 obmutescendi‚
1123 281 1222 314 non⁴
1246 263 1362 312 bene
1385 264 1448 313 di-

19 275 185 460 Εἰ
212 333 461 398 disciplina:
507 331 580 378 sed
605 344 711 379 ante
736 331 815 379 fibi
850 333 1028 380 sumunt
1054 334 1235 398 sponte,
1276 335 1323 380 in
1343 349 1449 397 >quo

96 407 97 413 ’
159 400 399 448 mentando
415 397 1035 464 scribendoqueex'periantur
1055 405 1192 455 vires,
1222 400 1450 448 laborent·

2 491 30 530 a(
51 470 156 583 qu?
174 481 222 517 vt
239 467 410 582 dicendfi
428 467 796 582 colgitietudineiln
810 469 1000 532 aliquam
1020 470 1245 581 paiz-{latim
1259 472 1455 534 capiant,

47 554 108 584 au
205 548 340 585 artam
397 551 475 582 acu
559 552 631 582 ern
707 553 759 582 ua
778 552 940 583 emcun
974 552 1033 583 ue
1120 548 1271 583 rment
1317 548 1362 583 at
1394 553 1452 583 ue

55 553 255 666 auged'nt.
318 631 325 637 =
369 608 371 612 ’
675 553 703 600 q
944 552 970 600 q
1365 554 1392 602 q

158 682 231 730 38.
276 669 363 720 Sed
377 680 427 718 vt
444 679 510 726 et,
549 688 692 734 quum
713 671 888 717 venerit
908 668 1047 717 officii
1064 669 1254 716 faciendi
1274 680 1462 735 tempus-

59 751 107 788 et
125 737 365 795 necessitas,
406 738 552 784 facere
570 737 703 803 poffis
724 735 944 792 officium,
982 754 1097 802 opus
1117 737 1179 785 est
1197 736 1455 786 industione

36 849 39 851 .
61 810 208 869 animi,
232 822 324 854 *nec
339 805 474 852 modo
494 805 567 852 illa
590 807 799 865 vniuersa,
833 824 965 871 quarn
987 804 1156 853 bonam
1175 805 1458 853 voluntatem

60 874 260 930 diximus,
276 875 530 938 pertinente
548 872 601 920 ad
613 877 762 922 omnia
781 877 950 938 pariter
968 872 1102 920 officii
1124 891 1300 935 genera,
1322 891 1459 938 quam

59 954 148 990 nec
164 941 262 989 satis
281 939 453 988 firmam
481 940 592 996 effe,
629 959 714 988 nec
733 940 953 999 sufficere,
987 941 1114 1006 supra
1134 942 1347 996 diximus;
1386 940 1470 995 sed,

58 1011 529 1076 proprie-pertinente
557 1008 609 1056 ad
630 1027 727 1057 eam
746 1008 993 1064 astionem,
1030 1027 1143 1074 quae
1168 1007 1393 1076 proposita
1413 1020 1468 1056 et.

61 1076 208 1126 oblata
227 1073 309 1130 est,
335 1076 443 1124 -fiue
471 1081 519 1124 in
539 1095 636 1125 eam
658 1090 851 1143 partem,
884 1090 932 1125 vt
951 1078 1200 1128 faciendum
1218 1077 1293 1133 sit,
1338 1076 1463 1142 quod

60 1142 232 1194 reaum
249 1141 335 1201 est,
363 1144 454 1192 flue
476 1147 521 1191 in
542 1146 669 1203 hanc,
702 1159 749 1194 vt
767 1145 1056 1194 abstineamus
1075 1164 1159 1194 nos
1181 1145 1235 1194 ab
1249 1163 1317 1199 eo,
1340 1144 1464 1210 quod

61 1219 254 1280 prauum
271 1210 355 1270 est,
396 1229 663 1277 quamquam
683 1215 903 1262 allicimur
919 1226 966 1261 et
985 1215 1205 1262 trahimur
1223 1232 1245 1260 a
1266 1214 1462 1277 reliquiis

61 1282 226 1328 veteris
252 1281 323 1326 vel
350 1279 621 1342 cupiditatis,
658 1283 730 1327 vel
750 1281 1106 1339 consuetudinis;
1175 1281 1299 1346 quod
1333 1280 1386 1328 fit
1414 1283 1465 1326 in

0 1348 7 1351 “
63 1348 297 1413 principiis
334 1363 482 1393 nouae
513 1350 623 1395 vitae
653 1351 783 1396 nimis
812 1351 957 1413 saepe,
1006 1366 1093 1395 nec
1123 1347 1215 1397 fine
1250 1348 1466 1414 periculo.

66 1417 181 1462 Eam
200 1412 504 1462 industionem
523 1418 676 1472 animi,
697 1427 747 1463 vt
764 1433 923 1482 capere
939 1428 1145 1482 tempore
1168 1433 1352 1482 quoque
1371 1415 1469 1480 pos-

67 1480 227 1538 fimus,
259 1480 504 1529 adhibenda
525 1482 588 1530 est
605 1495 708 1531 ante
728 1487 877 1532 omnia
898 1487 1184 1544 cogitationis
1204 1496 1251 1532 et
1272 1482 1467 1531 animad-

67 1547 281 1598 versionis
303 1548 557 1610 diligentia,
583 1561 632 1596 vt
650 1569 707 1598 ne
725 1569 907 1612 agamus
927 1554 1162 1616 quicquam
1182 1565 1300 1610 ante,
1333 1567 1472 1617 quam

50 1615 178 1681 lquid
195 1626 244 1662 et
261 1618 391 1680 quale
411 1617 474 1674 fit,
502 1617 624 1682 quod
645 1630 811 1679 agatur,
843 1623 1205 1680 cogitauerimus,
1238 1637 1325 1668 nec
1343 1635 1468 1684 prae-

47 1686 302 1749 ]Qitemus
314 1682 533 1732 astionem
553 1703 636 1749 per
646 1686 975 1734 consuetudinis
986 1691 1281 1736 temeritatem
1294 1705 1307 1746 3
1340 1685 1478 1752 quod

35 1790 37 1793 .
64 1748 125 1805 fl
138 1750 263 1798 facile
278 1768 332 1799 ac
350 1753 488 1816 saepe,
515 1752 591 1799 nisi
610 1755 679 1800 illa
697 1754 1015 1802 animaduersio
1034 1755 1316 1803 adhibeatur:
1352 1753 1473 1802 vnde

0 1838 5 1843 ·
73 1827 169 1867 um
213 1818 342 1884 saepe
382 1823 690 1884 poenitentiae
735 1822 1008 1888 repetendae
1048 1823 1274 1871 neceffitas
1317 1824 1471 1870 oritur.

68 1889 200 1935 Haec
216 1885 280 1933 est
297 1887 373 1934 illa
389 1887 706 1936 animaduersio
735 1891 930 1938 hominis
953 1890 1203 1948 Christiani,
1244 1890 1297 1938 ad
1322 1907 1475 1940 veram

70 1955 287 2005 virtutem
302 1964 350 2000 et
367 1953 665 2002 obedientiam
688 1970 1033 2022 praeceptorum
1058 1959 1314 2007 diuinorum
1336 1957 1474 2021 adspi-

73 2021 230 2073 rantis,
271 2037 360 2084 qua
379 2020 422 2066 se
442 2020 550 2068 dicit
569 2025 631 2069 vti
649 2024 864 2081 Dauides,
905 2027 970 2072 vir
987 2025 1290 2082 sanffiffimm,
1331 2037 1381 2074 vt
1397 2024 1475 2088 PJt

74 2087 254 2144 CXIX,
276 2103 348 2145 59.
368 2097 536 2150 reputo,
563 2092 727 2154 inquit,
758 2102 801 2139 et
822 2095 1028 2159 confidere
1047 2099 1138 2142 vias
1158 2112 1291 2152 meas,
1331 2104 1379 2142 vt
1398 2110 1477 2154 pe·

75 2158 147 2203 des
162 2164 396 2202 convertam
418 2159 476 2202 ad
491 2168 717 2219 praecepta
735 2168 823 2207 tua.
883 2162 1062 2209 Salomo
1081 2174 1232 2209 autem
1251 2163 1295 2207 in
1316 2178 1371 2207 eo
1393 2176 1476 2223 po-

78 2223 149 2269 nit
168 2221 407 2286 sapientiae
432 2234 626 2287 partem,
666 2227 876 2275 Prouerb.
894 2229 1028 2284 XIV,
1060 2241 1098 2283 8.
1152 2232 1281 2277 Cauti
1305 2230 1479 2276 bominis

67 2291 284 2355 sapientia
315 2289 393 2353 (st,
422 2297 683 2354 perpendere
705 2304 747 2341 et
775 2297 1029 2360 confiderare
1054 2301 1164 2344 viam
1182 2298 1309 2360 fiam
1322 2333 1332 2352 ,
1376 2298 1406 2343 i.
1439 2311 1481 2341 ο.

77 2354 273 2404 astiones
310 2356 594 2421 suscipiendas
624 2378 825 2426 quasque
853 2363 1128 2428 perpendere
1157 2373 1203 2410 et
1227 2361 1480 2419 diiudicare,

47 2459 49 2467 ,
76 2435 320 2488 antequam
341 2424 551 2491 suscipiat.
627 2427 699 2475 Ab
727 2430 812 2476 hac
828 2441 975 2478 autem
996 2429 1392 2488 animaduersione,
1434 2444 1481 2477 et

52 2488 173 2539 be
188 2491 350 2539 iudicio
371 2489 575 2550 afflonis,
609 2495 683 2542 vbi
702 2496 926 2545 sollicitari
949 2515 1032 2546 nos
1054 2515 1321 2564 quacunque
1340 2498 1481 2547 cauffa

81 2554 320 2615 fuaemus,
370 2561 439 2613 vel
470 2561 525 2608 ad
563 2565 1025 2626 praetermittendum,
1073 2567 1198 2631 quod
1225 2567 1483 2616 faciendum

88 2621 177 2675 ὦ
192 2627 502 2691 intelligimus,
528 2629 601 2679 vel
616 2630 886 2692 faciendum,
927 2632 1049 2702 quod
1068 2644 1224 2684 contra
1241 2632 1316 2693 fit;
1381 2645 1485 2682 tum

1373 2719 1481 2751 Veto
