1682 3068
207 193 304 242 266
521 204 805 241 vmmcxan:
840 210 1091 244 aternu!
1123 205 1310 245 nxvrux

207 324 379 362 certum
398 313 537 362 modo
558 320 760 382 tempus,
791 323 839 366 et
855 335 881 364 e
900 316 1080 366 consilio
1103 322 1211 377 Dei,
1237 329 1288 367 vt
1306 320 1367 368 ita
1395 317 1603 379 dieamus,
1680 344 1682 347 ·

205 384 490 446 temporario.
521 385 627 432 Ebr.
653 385 765 442 VII,
785 391 855 434 12.
881 402 897 432 1
913 402 935 443 3
957 396 1032 434 cet.
1062 390 1168 434 Nec
1186 387 1323 436 modo
1342 388 1456 436 salua
1473 389 1606 436 relin-
1659 379 1664 392 ⁴

207 452 361 515 quitur
388 450 459 498 illa
484 450 727 508 neceffitas,
767 452 837 498 sed
855 455 987 501 etiam
1008 455 1244 519 dupliciter
1262 455 1468 518 augetur:
1515 458 1604 520 pri·

206 516 430 575 mum'sic,
473 530 522 565 vt
543 521 680 580 magis
709 521 980 583 intelligatur
1006 538 1057 568 ac
1087 523 1316 570 sentiatur:
1366 521 1525 571 deinde
1555 531 1607 569 vt
1671 522 1674 525 ’

207 587 340 633 nouis
370 584 521 634 caussis
549 586 750 635 firmetur
773 598 819 633 et
845 587 1150 650 adstringatur.
1249 595 1373 638 Nam
1406 607 1510 638 cum
1543 591 1604 637 ita

207 651 500 701 existimatum
528 653 631 702 esset
661 656 713 703 ab
748 655 1004 704 hominibus
1037 655 1286 722 expertibus
1313 658 1605 721 Euangelicae

207 722 463 786 sapientiae,
495 733 497 735 ’
516 732 565 770 vt
584 722 823 787 sperarent,
863 727 1013 771 Deum
1032 727 1261 773 remittere
1280 727 1328 772 in
1348 724 1604 774 hominibus

208 789 267 837 de
286 792 380 836 iure
401 787 595 848 iustitiae,
613 801 659 836 et
683 802 971 855 peccatorum
993 793 1168 857 culpam
1191 803 1236 839 et
1247 809 1440 857 poenam
1450 791 1608 858 deprez

167 863 177 879 Χ
208 851 417 913 cantibus,
446 868 634 922 propter
653 859 787 922 ipsam
809 857 1181 923 deprecationem,
1198 859 1462 915 condonare,
1483 858 1608 924 quod

206 941 328 974 nunc
338 942 520 989 quoque
531 936 770 991 tantopere
791 926 937 990 placet
956 926 1216 975 necessariae
1232 939 1278 975 et
1297 928 1499 976 naturalis
1509 927 1608 975 reli-

206 993 352 1055 gionis
381 996 602 1057 patronis3
666 1012 716 1041 ex
736 995 1001 1055 Euangeliea
1027 996 1122 1051 illa,
1167 994 1223 1043 de
1251 995 1326 1060 spe
1350 996 1496 1044 salutis
1523 1010 1607 1060 per

205 1060 343 1110 fidem
375 1063 420 1107 in
448 1060 673 1109 Christum
694 1058 916 1119 doarina,
953 1059 1230 1110 intellectum
1261 1061 1322 1110 est
1350 1064 1485 1125 longe
1514 1063 1608 1127 pla-

205 1128 318 1184 niuS,
338 1145 469 1191 quam
490 1130 684 1190 grauiter
708 1129 915 1178 irascatur
932 1132 1126 1195 peccatis
1143 1128 1302 1178 iustitia
1323 1130 1470 1178 diuina
1487 1132 1608 1178 Rom.

204 1200 244 1252 I,
270 1207 323 1249 18
337 1200 432 1260 sqq,
460 1207 506 1243 et
524 1209 688 1259 quanta
707 1196 757 1244 sit
779 1198 890 1259 legis
910 1197 1233 1246 conseruandae
1254 1197 1491 1252 necessitas,
1519 1214 1608 1262 qua
1681 1246 1682 1250 ,

205 1265 294 1328 ipsa
314 1263 489 1310 bonitas
512 1265 581 1311 illa
601 1264 771 1312 infinita
786 1268 870 1313 Dei
895 1267 1149 1330 superetur,
1184 1277 1233 1313 vt
1257 1283 1353 1314 non
1380 1264 1511 1330 poffit
1538 1268 1609 1321 iis,

206 1333 288 1396 qui
308 1331 456 1392 legem
475 1331 721 1387 violassent,
756 1331 799 1378 se
819 1331 1059 1393 benignam
1089 1331 1326 1398 praebere,
1366 1331 1397 1380 fi
1418 1334 1607 1380 maxime

209 1401 383 1463 cupiat,
432 1396 511 1445 nisi
547 1397 810 1447 satisfassum
841 1398 894 1447 sit
917 1401 1027 1462 legis
1061 1398 1292 1457 maiestati,
1338 1410 1386 1448 et
1409 1398 1608 1454 iustitiae,
1659 1425 1663 1429 Α

209 1469 334 1514 cuius
355 1464 437 1524 est,
471 1466 738 1514 maiestatem
755 1468 871 1515 illam
891 1469 1003 1530 legis
1023 1470 1163 1526 tueri,
1202 1485 1389 1534 eamque
1413 1468 1471 1516 ob
1491 1468 1608 1523 caus<

208 1535 296 1582 sam
319 1532 490 1582 necesse
510 1534 741 1593 habuerit,
773 1533 805 1582 fi
824 1536 958 1583 vellet
976 1537 1145 1583 seruare
1163 1536 1392 1595 homines,
1428 1546 1475 1584 et
1494 1551 1607 1600 poe-

206 1604 277 1651 nis
298 1604 484 1668 eripere,
519 1601 726 1650 idoneam
747 1601 972 1650 viaimam
992 1603 1094 1649 dare
1111 1603 1163 1649 ad
1182 1603 1440 1668 expiandam
1459 1604 1612 1663 legem

209 1680 257 1716 et
275 1667 477 1717 iustitiam
507 1671 640 1718 suam.
741 1675 869 1725 Quae
888 1687 957 1717 res
979 1669 1113 1719 habet
1135 1680 1304 1717 tantam
1322 1670 1608 1726 euidentiam,

208 1748 258 1786 vt
285 1736 364 1803 ipsi
396 1736 630 1785 aduersarii
655 1737 790 1784 huius
819 1739 976 1803 capitis
1019 1737 1260 1798 agnoscere
1292 1749 1535 1800 cogantur,
1576 1736 1609 1786 fi
1644 1745 1660 1752 ‘

194 1809 280 1854 'res
298 1808 356 1853 ita
375 1802 446 1860 fit,
489 1808 555 1852 vti
573 1822 680 1859 nos,
724 1804 954 1852 credentes
974 1805 1119 1853 verbis
1140 1807 1412 1869 Scripturae,
1452 1803 1609 1852 statua-

207 1889 325 1929 mus,
357 1882 403 1919 et
421 1873 510 1934 legi
532 1871 703 1919 diuinae
721 1872 1019 1921 necessitatem
1039 1871 1236 1919 seruandi
1256 1873 1466 1920 summam
1484 1889 1607 1920 acce-

211 1940 340 1996 dere,
372 1949 418 1986 et
437 1938 662 1996 iustitiam,
695 1958 807 2004 quae
829 1942 1035 1989 irascatur
1052 1943 1265 2005 peccatis»,
1307 1950 1476 1988 tantam
1498 1938 1610 1998 fieri,

209 2017 425 2074 quantam
445 2024 603 2074 capere
622 2025 747 2056 mens
776 2009 970 2056 humana
997 2025 1092 2054 non
1112 2007 1255 2072 possit.
1331 2011 1437 2055 Nos
1457 2009 1609 2068 igitur,
1660 2022 1663 2030 ²

210 2076 335 2143 quod
355 2076 482 2132 dant,
514 2077 768 2139 accipimus,
801 2087 849 2123 et
868 2076 921 2123 ad
942 2076 1117 2123 laudem
1140 2078 1445 2123 Oeconomiae
1465 2078 1608 2123 Euan⁴
1659 2089 1661 2094 ⁴

208 2144 395 2207 gelicae‚
432 2154 671 2208 tantopere
699 2142 946 2192 illustrantis
975 2145 1266 2208 augentisque
1295 2145 1388 2191 vim
1417 2143 1526 2202 legis
1561 2153 1609 2191 et

208 2209 394 2260 iustitiae
414 2210 608 2266 diuinae,
643 2209 936 2259 conserimus:
967 2212 1153 2258 alterum
1174 2211 1385 2258 hocloco
1403 2209 1608 2258 refellere

208 2296 307 2327 non
336 2279 603 2343 suscipimus.
699 2283 813 2325 Nec'
831 2290 918 2326 tam
950 2280 1175 2343 quaeritur
1202 2280 1250 2324 in
1278 2277 1460 2332 diuinis,
1501 2275 1609 2341 quid

210 2363 341 2394 mens
362 2346 554 2393 humana
573 2362 729 2410 capere
750 2346 892 2410 ponit,
912 2363 1044 2411 quam
1058 2345 1166 2410 quid
1184 2347 1362 2394 credere
1373 2347 1456 2391 Dei
1468 2344 1607 2392 verbo
1643 2369 1647 2372 >

211 2413 385 2462 debeat.
465 2418 752 2478 Quamquam
774 2431 824 2460 ea
854 2414 1118 2473 magnitudo
1139 2420 1231 2460 n‘on
1249 2423 1339 2460 tam
1359 2423 1514 2459 contra
1533 2422 1608 2460 aut

210 2481 340 2545 supra
361 2482 582 2528 rationem
612 2479 696 2536 est,
733 2477 848 2546 quae
873 2480 1075 2528 iustitiam
1108 2499 1132 2527 a
1151 2476 1252 2527 Deo
1282 2496 1341 2525 ne
1366 2479 1608 2546 cogitando

211 2547 394 2612 quidem
421 2548 590 2613 seiungi
617 2546 738 2613 posse
773 2549 842 2612 (ᾗ.
873 2551 978 2610 68.)
1010 2549 1243 2610 intelligit,
1283 2561 1421 2612 quam
1452 2557 1609 2594 contra

211 2614 478 2679 cupiditates
500 2617 733 2671 humanas,
769 2628 954 2679 quarum
973 2614 1172 2673 interest,
1210 2615 1323 2674 legis
1351 2625 1398 2660 et
1427 2615 1608 2661 iustitiae

212 2680 389 2729 diuinae
418 2684 506 2729 vim
530 2685 689 2747 quouis
718 2682 867 2732 modo
886 2684 1049 2738 minui,
1091 2692 1140 2733 vt
1166 2679 1266 2738 fibi,
1304 2679 1471 2730 minori
1504 2697 1610 2729 cum

803 2757 812 2763 '
867 2763 879 2780 ²
1084 2763 1086 2765 ’
1431 2751 1608 2806 timore,
