1682 3068
174 165 240 212 42
742 149 991 194 §suffr

175 276 236 331 Et
263 271 374 319 haec
407 269 590 337 quidem
629 286 684 316 ex
716 267 1014 318 Orientalium
1049 269 1262 331 Liturgiis
1303 282 1576 317 commemo·

175 357 383 389 tammus.
1559 350 1562 355 '

257 476 313 526 11.
353 477 408 527 In
427 474 613 543 Scriptis
631 474 814 526 Patmm
834 474 1041 547 Ecclefiae
1052 516 1067 541 ‚
1106 473 1216 526 nihil
1229 473 1302 542 qffie
1321 490 1414 544 pro
1433 480 1572 530 trans-

315 550 693 626 sulstqntiatione‚
719 551 852 602 multa
871 561 1019 602 contra
1038 568 1140 601 eam.
1576 584 1580 587 -

274 672 387 716 Hoc
404 677 539 734 caput
561 668 706 715 multo
723 669 981 730 longiorem
1003 667 1345 733 disputationem
1367 664 1575 713 desidera-

177 746 272 791 ret,
321 752 456 800 quam
487 736 706 800 superius,
744 733 776 782 fi
794 737 924 785 nobis
944 738 1070 783 locus
1093 735 1146 782 de
1174 735 1387 782 sententia
1407 731 1576 780 Dosto·
1647 726 1660 749 ²

180 821 285 868 rum
307 805 467 851 veteris
490 801 707 850 Ecclefiae
725 803 857 868 plene
887 814 934 856 et
953 803 1148 851 absolute
1167 801 1421 850 traElandus
1453 800 1573 847 estet.

180 871 271 921 Sed
296 871 341 937 id
372 888 505 918 nemo
545 889 569 916 a
597 869 728 918 nobis
758 869 972 936 postulet,
1007 888 1092 918 nec
1121 869 1182 916 est
1209 869 1396 918 instituti
1428 867 1594 916 nostri..

175 942 423 988 Albertinus
455 938 622 985 dudum
653 941 740 986 hoc
768 938 926 986 laboris
954 938 1162 1002 suscepit,
1232 949 1281 984 vt
1316 953 1398 1002 per
1425 937 1578 984 omnia

177 1007 390 1071 deinceps
410 1006 552 1053 secula
570 1008 819 1054 recenseret
830 1005 1082 1053 Dostorum
1096 1004 1311 1052 Ecclesiae
1332 1005 1497 1069 scripta,
1518 1014 1578 1059 et,

175 1073 285 1140 quid
307 1078 353 1121 in
373 1075 424 1120 iis
449 1073 755 1121 aduersaretur-
769 1072 1259 1128 transsubstantiationi,
1303 1087 1580 1119 commemo·
1654 1075 1657 1078 ’

174 1152 296 1192 raret
309 1177 320 1197 ,
351 1158 462 1205 quae
481 1159 532 1187 ex
552 1145 603 1188 iis
622 1141 928 1190 defendendae
947 1140 1082 1189 cauffa
1101 1142 1270 1206 prolata
1292 1138 1431 1187 effent
1448 1139 1581 1188 aBel-
1654 1151 1656 1154 ’

178 1212 356 1259 larmino
374 1219 421 1255 et
444 1210 558 1264 aliis,
604 1212 813 1258 Perronio
834 1212 1045 1266 maxime,
1090 1226 1141 1255 ea
1168 1210 1307 1256 aliena
1331 1205 1415 1255 effe
1435 1206 1581 1267 ‘osten-

175 1277 318 1325 deret.
397 1274 485 1323 Etsi
505 1275 603 1341 post
633 1277 752 1324 hanc
772 1275 959 1329 ,meffem
981 1279 1119 1340 spicas
1136 1276 1345 1340 quasdam
1369 1276 1580 1335 colligere

173 1346 304 1393 licet:
335 1354 486 1390 tamen
507 1344 552 1391 id
577 1361 700 1391 nunc
717 1359 813 1392 non'
829 1361 1037 1407 agemus:
1073 1361 1159 1390 nec
1177 1341 1238 1390 est
1256 1341 1436 1391 necesse.
1466 1339 1581 1393 nlud

172 1430 314 1460 vnum
337 1412 467 1459 nobis
488 1409 738 1476 susceptum
761 1409 825 1459 est
835 1435 850 1470 ,⁴
886 1423 934 1459 vt
953 1430 977 1458 a
997 1413 1246 1459 Mur-utorio
1269 1412 1398 1458 allata
1423 1411 1580 1456 exami·
1654 1442 1656 1444 >

173 1496 406 1534 naremUS,
451 1487 643 1543 eumque
672 1479 839 1528 malum
859 1478 1152 1544 interpretem
1171 1477 1300 1544 egiffe
1330 1477 1579 1526 ostendere-
1656 1475 1658 1478 ’

174 1566 291 1595 mus.
357 1546 443 1593 Sed
462 1549 675 1610 quoniam
693 1547 792 1605 ille,
812 1558 878 1595 ”vt
893 1548 1018 1611 supra
1040 1546 1249 1602 diximuS,
1280 1547 1427 1591 nonin
1439 1561 1581 1590 vnum

175 1617 330 1664 locum
351 1613 583 1673 congessit,
627 1610 815 1678 quae'ad
831 1617 952 1662 hanc
974 1625 1145 1678 partem
1166 1615 1470 1677 pertinerent,
1501 1609 1583 1658 nifi

176 1681 300 1748 quod
332 1698 368 1727 c.
389 1685 499 1727 v111.
523 1693 569 1728 et
586 1685 679 1727 XV.
710 1679 942 1731 destinauit
963 1682 1147 1746 proprie
1175 1681 1285 1727 locis
1316 1679 1582 1744 quibusdam

175 1748 449 1798 vindicandis
480 1760 505 1793 ‘a
535 1750 733 1814 Bingami
762 1761 809 1796 et
833 1752 942 1797 Sam.
970 1750 1175 1813 Basnagii
1202 1748 1584 1811 interpretationi·

175 1819 285 1866 bus:
325 1833 470 1879 neque
490 1818 608 1863 enim
640 1817 729 1864 hoc
754 1818 937 1881 proprie
957 1815 1134 1876 agebat,
1177 1815 1248 1861 sed
1268 1825 1442 1862 tantum
1462 1811 1582 1862 testi·
1655 1875 1659 1878 θ

175 1886 340 1933 moniis
374 1885 613 1945 Liturgicis
642 1885 765 1931 velut
794 1883 1062 1932 subsidiarios
1091 1880 1223 1930 testes
1246 1882 1471 1931 adiunxit:
1520 1883 1584 1928 ita‘

177 1970 276 2002 rem
296 1969 497 2013 agemuS,
527 1964 575 1999 vt
592 1969 673 2016 per
693 1955 846 1999 omnia
868 1954 1012 2015 capita
1030 1970 1051 1997 a
1073 1969 1108 1997 c.
1129 1953 1244 1998 V111.
1265 1966 1404 2014 vsque
1423 1947 1477 1996 ad
1489 1951 1581 1996 XV.

178 2037 416 2081 vagemur,
451 2018 524 2065 sed
561 2019 765 2067 ordinem
792 2031 943 2068 tamen
971 2020 1191 2083 capitum,
1241 2016 1389 2083 quoad
1415 2015 1581 2074 licebit,
1656 2047 1657 2050 =

181 2089 509 2135 conseruemus.
1543 2087 1546 2089 ’

280 2157 452 2202 Primus
488 2155 615 2201 locus
658 2158 929 2221 proponitur
972 2158 1178 2211 Facundi,
1247 2149 1583 2200 Hermianenfis

180 2223 412 2289 Episcopi,
446 2238 472 2267 e
491 2223 744 2288 Defensione
762 2227 889 2271 trium
913 2224 1222 2287 Capitulorum,
1251 2223 1324 2268 IX.
1349 2237 1389 2279 5.
1419 2219 1472 2267 ab
1491 2222 1582 2267 Sir-

179 2295 326 2339 mondo
368 2291 562 2354 primum
600 2290 738 2348 edita,
785 2290 1043 2338 nobilitatus
1082 2288 1249 2336 dudum
1274 2291 1501 2335 Romanae
1532 2295 1582 2334 et

180 2358 480 2419 Zwinglianae
497 2358 719 2421 opinionis
741 2358 1016 2406 defensorum
1031 2354 1448 2410 concertationibus,
1471 2356 1590 2402 duni

181 2424 346 2489 cupide
366 2424 604 2488 proferunt
623 2443 728 2472 eum
751 2437 796 2474 et
815 2424 974 2474 iastant
1001 2427 1070 2482 hi,
1112 2442 1206 2484 nee,
1226 2428 1372 2471 minus
1396 2423 1581 2470 sollicite

174 2493 246 2570 {lli
265 2495 356 2538 vim
378 2493 468 2537 eius
491 2490 669 2539 eludere
689 2505 878 2542 tentant.
947 2497 1165 2546 Facundus
1185 2491 1435 2538 defensurus
1449 2492 1582 2537 Theo-

184 2565 330 2608 dorum
359 2560 742 2622 Mopfhhesierzum,
794 2565 872 2626 qui
902 2561 1121 2609 Christum
1153 2559 1439 2623 adoptionem
1464 2556 1581 2605 filio·

183 2643 287 2674 rum
310 2624 535 2691 suscepisse
557 2626 736 2685 dixerat,
780 2643 972 2695 eumque
1002 2629 1111 2678 adeo
1134 2627 1394 2693 adoptiuum
1425 2624 1583 2680 filium,
1659 2676 1663 2683 ¹

192 2715 194 2717 ·
1485 2708 1582 2740 non
