1682 3068
183 167 255 220 58
763 160 992 205 'Aufr

180 276 354 342 {ignum
373 277 535 327 visibile
553 277 753 333 latentis,
781 288 828 325 et
842 275 888 326 in
906 277 1060 326 oculos
1080 292 1174 326 non
1193 278 1460 327 incurrentis
1481 282 1581 327 corss

179 349 316 413 poris.
391 351 511 403 Iam,
551 344 581 392 fi
609 342 806 393 Christus
846 363 999 393 verum
1028 362 1192 410 corpus
1221 364 1314 394 non
1348 346 1578 405 habuiffet,

180 414 212 462 fi
239 413 316 462 ista
344 413 508 478 species
536 430 658 460 mera
689 422 734 460 et
760 415 901 461 inanis
931 415 1131 478 corporis
1179 414 1346 469 fuiss'et,
1415 430 1577 478 panem

179 480 358 543 {ignum
380 483 582 546 corporis
611 478 694 527 else
716 481 841 530 nullo
869 480 1007 528 modo
1026 480 1225 546 potuiffe.
1320 485 1443 529 Nam
1476 499 1579 544 pro·

180 548 299 597 feffio
335 550 400 596 rei
440 566 532 596 non
567 547 732 613 politae
781 550 826 596 in
878 558 1032 596 natura
1073 546 1249 609 fignum
1280 547 1365 595 esse
1401 550 1577 597 nullum

179 614 341 682 potest.
416 615 549 664 Istaec
569 616 670 663 sunt
691 618 919 680 perspicua
938 626 983 662 et
1004 617 1148 680 plana,
1181 618 1244 662 vti
1267 634 1353 678 ego
1372 616 1576 674 arbitror,

180 701 269 732 nec
307 684 398 732 vllo
432 682 574 732 modo
617 682 828 732 obscurus
870 684 942 731 ille
987 684 1115 732 locus
1160 685 1404 732 Dertalliani
1447 683 1579 732 debet

178 753 340 818 putari.

281 817 544 867 Afferuntur
561 820 704 877 etiam,
721 835 804 885 per
821 816 1097 867 occasionem
1120 820 1420 882 liturgiarum
1433 824 1579 884 Aegy-

180 888 439 955 ptiacarum,
466 887 562 933 loca
587 889 792 950 Origenis
809 897 944 951 atque
965 887 1132 951 cyrilli,
1161 887 1217 933 de
1247 888 1407 951 quibus
1434 887 1578 954 dispu-

181 968 276 1002 tare
297 954 405 1001 nihil
422 956 601 1010 attinet,
645 970 750 1001 cum
777 964 949 1001 tantum
978 957 1233 1018 pertineant
1261 955 1314 1002 ad
1344 957 1580 1003 veritatem

180 1023 381 1087 corporis
409 1032 456 1068 et
487 1022 702 1084 sanguinis
732 1019 917 1078 Christi,
961 1039 1045 1068 nec
1069 1024 1307 1086 quicquam
1327 1023 1372 1068 in
1393 1024 1445 1069 iis
1479 1021 1581 1070 infit

179 1090 271 1137 huc
302 1091 558 1154 pertinens,
603 1106 735 1153 quam
775 1089 965 1136 formula
993 1089 1103 1150 fieri
1131 1107 1282 1151 corpus
1312 1090 1360 1138 C'.
1392 1092 1464 1137 cui
1493 1091 1580 1139 iam

180 1157 348 1204 dudum
363 1156 649 1204 satisfecimus
664 1176 673 1203 :
693 1155 936 1221 eademque
949 1155 1010 1202 est
1020 1159 1134 1204 ratio
1147 1158 1351 1204 locorum
1364 1159 1582 1215 omnium,

179 1242 293 1290 quae
314 1227 360 1271 in
382 1223 678 1290 disputatione
696 1225 898 1271 aduersus
916 1226 1142 1272 Samuelem
1162 1225 1416 1289 Bafixagium
1438 1242 1473 1272 c.
1486 1229 1582 1272 XV.

179 1303 512 1359 proponuntur.
586 1295 734 1355 Itaque
754 1291 826 1338 hic
853 1290 984 1338 nobis
1005 1292 1155 1338 liceret
1174 1292 1266 1339 hoc
1287 1302 1424 1357 caput
1442 1291 1581 1347 finire,

179 1358 260 1408 nisi
280 1359 455 1416 liberet,
499 1359 570 1405 vel
592 1361 788 1405 tironum
806 1355 968 1414 caussa,
1013 1357 1219 1413 breuem,
1261 1359 1333 1405 sed
1362 1376 1459 1406 eam
1491 1363 1582 1407 eui·-

180 1427 361 1475 dentem
393 1439 437 1473 et
462 1437 630 1472 certam
652 1423 1077 1473 demonstrationem
1097 1425 1351 1481 {sententiae
1371 1429 1583 1475 Luthera-

172 1502 284 1553 nae,
316 1493 540 1542 duffiam'e
560 1492 680 1541 libris
699 1491 949 1540 Deciorum
971 1495 1129 1539 veteris
1153 1492 1384 1551 Ecclesiae,
1419 1512 1583 1560 propo·

181 1581 312 1621 nere,
350 1573 484 1626 atque
507 1563 566 1607 ita
589 1580 718 1617 Tim,
754 1576 846 1608 vm
878 1579 1218 1615 VENERANDE,
1241 1563 1372 1607 etiam
1395 1560 1581 1627 discipli-

180 1649 266 1678 nae
287 1628 458 1677 nostrae
477 1629 560 1675 hac
580 1630 624 1674 in
645 1638 768 1691 parte
785 1627 1006 1674 rationem
1024 1626 1222 1674 reddere.
1257 1630 1430 1675 Etenim
1449 1631 1580 1677 nimis
1651 1619 1671 1669 j]

180 1701 319 1760 longa
348 1694 409 1742 est
444 1693 518 1742 ista
558 1694 788 1758 disputatio
818 1693 874 1740 de
907 1698 1067 1741 veteriS
1106 1693 1321 1742 Ecclesiae
1354 1695 1581 1756 sententia,

180 1783 317 1832 quam
337 1775 386 1811 vt
417 1764 548 1810 multi
575 1779 669 1808 eam
698 1771 922 1817 accurate,
965 1762 1034 1809 vel
1061 1759 1161 1824 ipsis
1186 1766 1367 1810 Patrum
1398 1763 1580 1829 scriptis,

182 1835 256 1882 vel
284 1833 406 1880 libris
434 1833 485 1878 iis
517 1828 718 1890 legendis
748 1830 1017 1890 cognoscere
1038 1828 1220 1892 poffint‚
1263 1833 1310 1876 in
1331 1831 1491 1896 quib'us
1526 1831 1582 1880 de

185 1920 235 1949 ea
256 1918 307 1948 re
322 1898 383 1946 est
403 1897 695 1963 disputatum,
716 1898 792 1961 qui
811 1896 936 1954 sunt,
955 1906 1006 1944 vt
1025 1896 1102 1944 scis
1124 1899 1318 1963 optime,
1352 1900 1584 1964 permulti,

182 1969 365 2035 quidam
384 1970 520 2014 etiam
548 1966 647 2012 satis
668 1964 868 2025 grandes.

285 2034 357 2083 Ad
380 2038 598 2082 veritatem
619 2044 765 2080 autem
786 2034 916 2094 panis
941 2033 1134 2096 primum
1155 2034 1222 2079 vti
1241 2033 1427 2080 maxime
1456 2032 1582 2082 soleo

171 2106 289 2152 ‘loco
310 2103 456 2167 Iustini
487 2102 614 2166 supra
654 2104 722 2164 (p.
746 2102 845 2161 3¹·)
877 2110 1255 2155 commemorato,
1293 2102 1371 2164 qui
1399 2100 1498 2147 sane
1518 2098 1582 2148 est
1653 2113 1658 2122 ·

184 2174 245 2220 ita
262 2170 456 2225 euidens,
487 2179 548 2223 vt,
565 2167 595 2215 fi
617 2169 712 2231 quis
733 2167 841 2214 mihi
863 2167 986 2214 hunc
996 2169 1168 2230 eripere
1190 2166 1332 2231 poffit,
1360 2168 1470 2215 nihil
1490 2171 1580 2215 iam
1658 2162 1668 2199 ἶ

185 2236 293 2292 effe,
338 2253 484 2302 neque
512 2238 558 2282 in
590 2235 776 2291 diuinis,
816 2251 962 2298 neque
984 2237 1032 2281 in
1061 2235 1267 2282 humanis
1296 2233 1442 2292 libris,
1485 2246 1579 2282 tam

185 2305 369 2353 euidens
401 2302 666 2358 concedam,
719 2300 842 2367 quod
880 2319 973 2350 non
1007 2305 1114 2367 eripi
1142 2301 1271 2349 nobis
1299 2318 1352 2348 ac
1379 2305 1580 2367 peruerti
1639 2350 1642 2355 ,

185 2371 336 2439 possit,
407 2371 741 2436 Scepticismum
778 2371 866 2416 iam
906 2368 1121 2417 dominari
1155 2371 1203 2416 in
1244 2369 1580 2434 interpretando
1650 2413 1656 2420 ,

183 2440 333 2489 finam.
411 2442 591 2486 Docere
611 2436 793 2485 instituit
809 2438 1083 2494 Antoninum,
1121 2436 1239 2501 apud
1268 2454 1401 2501 quem
1429 2436 1579 2484 defen·

187 2508 253 2555 dit
272 2504 560 2555 Christianam
579 2507 836 2566 religionem
851 2540 862 2561 ,
902 2505 1008 2569 quid
1035 2504 1091 2551 de
1113 2503 1374 2552 Eucharistia
1392 2505 1581 2551 sentiant

187 2573 426 2623 Christiani,
496 2576 587 2619 Hic
608 2591 709 2619 eum
729 2571 962 2632 diligenter
980 2574 1070 2620 hoc
1091 2569 1243 2633 egiffe,
1275 2574 1373 2636 quis
1395 2570 1579 2629 dubitet,
1650 2563 1662 2609 f'ss
1679 2580 1682 2586 '

186 2653 237 2692 vt
254 2643 385 2708 plane
403 2654 454 2686 ac
474 2640 703 2707 perspicue
723 2640 1002 2704 loqueretur,
1043 2651 1090 2687 et
1109 2637 1250 2688 verbis
1270 2649 1467 2688 vteretur
1496 2640 1579 2716 cla-
1642 2671 1655 2698 3
1673 2687 1682 2711 ,J

640 2727 645 2731 ’
1506 2722 1582 2763 ns,
1631 2750 1649 2758 ,,

732 2807 771 2830 m,
