1650 3060
167 213 266 262 534
299 215 365 244 nn
406 211 667 244 ramme.
702 193 977 244 msa-‘oum
1016 213 1085 245 m·
1119 212 1393 245 noemi-rte.
1423 208 1507 246 cet.

175 320 250 371 vbi
280 319 519 368 mediocris
548 319 702 367 talium
731 336 884 367 rerum
913 319 1085 366 scientia
1115 318 1354 373 sufficiebat
1372 321 1575 370 aduersus

176 390 308 456 plane
338 389 468 435 rudes
500 389 726 434 literarum
763 397 810 434 et
830 388 1037 448 elegantis
1058 386 1294 445 dossrinae,
1327 400 1375 436 vt
1390 387 1576 437 vidimus

180 457 305 522 supra
330 455 371 501 'e
410 453 663 502 testimonio
697 456 816 512 Cani,
846 454 1099 518 fateturque
1128 458 1304 504 Natalis
1332 456 1578 506 Alexander

180 522 292 572 Hist.
317 523 431 569 Eccl.
453 527 507 570 T.
523 526 634 568 VIII.
658 539 693 568 c.
715 526 763 568 ΙΙ.
783 532 859 569 art.
886 539 957 570 10.
978 539 1081 568 cum
1107 540 1229 569 nunc
1246 522 1476 570 refellendi
1497 522 1580 575 sint

183 590 426 639 admodum
448 588 579 645 dosti,
602 601 648 635 et
667 592 710 635 in
733 589 801 636 his
821 590 952 636 literis
973 591 1137 636 versati.
1206 589 1372 646 Quodsi
1391 594 1579 639 maxime

182 660 295 708 nihil
323 655 562 722 supereffet
591 654 806 704 indistum
834 658 946 712 aliis,
980 658 1090 704 nihil
1119 661 1241 716 noui,
1279 659 1390 705 nihil
1419 660 1580 706 melius

184 729 522 791 accuratiusque
551 726 734 771 inueniri
777 741 825 771 ac
853 725 937 771 dici
966 723 1127 788 posset:
1167 736 1343 782 tamen,
1384 743 1497 790 quae
1525 726 1581 773 ab

183 806 280 843 tam
299 795 450 841 multis
470 793 698 859 praeclaris
717 795 817 838 viris
836 791 949 838 bene
969 793 1124 857 scripta
1139 793 1253 850 sunt,
1266 794 1586 854 cognoscenda,

184 873 231 909 et
254 863 423 926 optima
442 877 651 926 quaeque,
684 876 736 906 ac
755 861 940 907 maxime
960 858 1189 907 neceffaria
1208 859 1421 908 tradenda
1443 860 1584 908 effent

185 926 408 989 studiosis,
435 942 484 976 vt
510 939 686 974 mature
717 927 1026 974 imbuerentur
1057 931 1189 975 etiam
1217 944 1368 975 amore
1389 930 1485 976 talis
1507 929 1584 976 do·

185 997 361 1053 strinae,
395 1006 486 1060 quo
514 995 722 1060 perfacile
749 994 1053 1042 incenduntur
1083 996 1261 1058 ingenia
1289 993 1506 1044 crestiora
1537 1007 1587 1043 et

184 1066 448 1115 liberaliora.
1323 1091 1326 1093 Δ
1492 1124 1494 1126 k

122 1187 130 1190 st
285 1132 370 1179 Sed
400 1130 455 1178 de
485 1128 739 1176 necestitate
765 1129 1049 1189 Theologiae
1079 1127 1356 1190 dogmaticae
1381 1139 1427 1176 et
1453 1127 1584 1178 histo-

124 1192 127 1198 *
166 1203 318 1256 ricae,
353 1201 468 1246 etin
489 1196 696 1245 docendo
727 1208 772 1243 et
801 1198 847 1244 in
884 1195 1088 1244 discendo
1109 1196 1460 1257 coniungendae,
1487 1197 1588 1245 satis

187 1269 385 1317 diximus.
449 1264 729 1312 Destinatum
758 1275 850 1312 erat
876 1275 1024 1311 autem
1053 1263 1196 1321 nobis,
1226 1264 1464 1325 adiungere
1491 1281 1590 1329 par-

188 1349 285 1384 tem
307 1335 500 1388 alteram,
533 1333 587 1380 de
617 1333 788 1380 ratione
808 1343 854 1379 et
878 1332 1018 1379 modo
1039 1331 1172 1379 huius
1191 1329 1522 1379 coniunffionis
1543 1335 1591 1380 in

188 1403 377 1452 Scholis.
448 1400 533 1447 Sed
553 1402 733 1461 longior
753 1400 898 1447 multo
917 1400 1062 1447 futura
1082 1410 1175 1446 erat
1192 1398 1432 1462 disputatio,
1455 1417 1589 1464 quam

187 1472 350 1521 sineret
371 1469 679 1532 disputationis
711 1468 839 1515 huius
867 1466 1052 1514 modus:
1086 1483 1222 1531 quem
1243 1464 1299 1513 fic
1319 1477 1499 1531 quoque
1518 1485 1589 1514 ex-

159 1557 162 1560 ⁴
192 1537 355 1588 ceffiffe
377 1537 514 1584 videri
534 1533 774 1601 possumus.
809 1539 960 1598 Itaque
981 1550 1077 1581 eam
1098 1534 1151 1581 ad
1169 1534 1296 1581 aliam
1317 1533 1588 1582 occasionem

193 1605 374 1654 differre
395 1606 610 1665 cogimur,
645 1620 747 1649 cum
781 1604 835 1650 de
863 1600 1070 1648 institut-is
1090 1600 1246 1649 nostris
1266 1602 1314 1648 in
1333 1602 1591 1663 Theologia

193 1673 404 1730 docenda,
438 1682 484 1718 et
503 1673 598 1718 eius
624 1670 845 1735 disciplina
864 1687 966 1717 cum
987 1669 1268 1733 eloquentiae
1283 1678 1330 1715 et
1355 1669 1589 1716 humanio-

189 1760 292 1791 rum
316 1742 537 1787 literarum
569 1736 763 1784 doarina
794 1735 1114 1797 coniungenda,
1147 1735 1361 1782 dicemus.
1429 1739 1486 1783 Et
1503 1736 1605 1783 for-⁷

193 1809 297 1858 tasse
318 1807 473 1854 melius
502 1803 572 1862 est,
601 1803 774 1866 agendo
807 1802 1046 1858 ostendere,
1077 1819 1209 1865 quem
1238 1803 1371 1849 huius
1402 1805 1590 1851 coniun-

191 1876 351 1925 &ionis
382 1872 569 1921 modum
600 1882 824 1936 putemus,
860 1888 991 1934 quam
1019 1869 1262 1918 scribendo.
1331 1873 1451 1916 Nam
1482 1869 1592 1918 illud
1633 1883 1639 1911 ἰ

192 1943 379 2011 quidem
418 1960 471 1988 ex
502 1941 717 2004 superiori
744 1939 1042 2003 disputatione
1067 1937 1162 1984 satis
1190 1937 1473 2002 perspicuum
1503 1936 1590 1985 effe

189 2012 463 2065 arbitramur,
485 2006 608 2071 quod
629 2023 722 2054 non
742 2008 935 2067 ignorari
949 2003 1134 2052 -‘nterest
1154 2002 1312 2060 nostra,
1331 2004 1376 2051 h.
1395 2021 1432 2050 e.
1455 2022 1590 2068 quam

1642 1998 1646 2010 Ι

1636 2015 1646 2036 ἶ

188 2098 275 2129 nos
306 2076 487 2144 quidem
517 2077 736 2123 rationem
757 2074 1039 2134 Theologiae
1068 2069 1316 2124 traaandae
1332 2071 1591 2141 probemus,
1635 2090 1645 2113 ss

192 2158 239 2198 et
257 2164 347 2215 quo
367 2161 532 2210 genere
552 2141 803 2209 disciplinae
828 2153 1012 2190 Vtamur.
