1682 3068
161 147 265 208 456
335 156 857 191 nannannvemnca
889 159 960 190 nt.
972 161 1481 200 ureniana-flou:

171 262 282 332 qu'id
302 264 516 314 dicemus.
581 263 721 330 Apud
741 278 912 314 veteres
933 265 1114 331 quidem
1128 306 1139 326 ‚
1173 271 1303 317 etiam
1321 272 1366 319 in
1387 271 1575 323 Ecclesia

171 352 329 401 graeca
376 331 683 392 Orthodoxos‚
716 331 793 380 etfi
811 336 904 382 eius
923 351 1095 383 errores
1119 337 1231 384 alios
1252 334 1575 403 improbabam&

173 414 222 450 et
248 403 395 450 -illam
437 403 658 448 rationem
695 403 1133 467 interpretandorum
1172 408 1577 455 vaticiniorum-de

170 468 371 524 Christo,
407 480 557 517 tamen
587 472 634 516 in
655 485 818 530 magno
848 473 997 535 pretio
1020 472 1126 526 fuit,
1163 485 1213 519 vt
1233 476 1456 536 Interpres:
1486 477 1578 523 vni*

169 537 316 594 verse,
357 539 543 601 eiusque
566 541 908 585 Commentariis
937 538 1062 604 saepe
1090 543 1136 586 in
1159 541 1502 606 interpretando
1521 542 1579 602 vl}

172 606 285 654 sunt.
354 610 505 670 Atque
523 622 609 667 ego
630 609 788 669 reperi,
822 606 988 653 multos
1013 624 1063 653 ex
1082 608 1164 665 his,
1198 625 1369 673 eosque
1388 611 1579 660 maxime

169 671 368 729 illustres,
405 673 577 721 secutos
598 690 701 720 eum
724 671 805 720 effe
829 677 876 721 in
910 675 1074 729 multis,
1115 677 1250 723 etiam
1271 680 1314 724 in
1336 676 1580 728 talibuswin·

170 740 588 806 terpretationibus,
641 758 826 806 quarum
861 744 1082 789 rationem
1120 746 1321 791 vniuerse
1357 745 1578 810 improba·.

169 810 303 871 bant3
338 808 540 873 inprimis
571 810 667 862 hos,
703 811 778 873 qui
807 810 847 855 se
877 809 1077 856 dicerent
1108 811 1250 858 media
1281 816 1346 860 via
1375 813 1579 861 incedere

173 878 305 931 ve11e‚·
333 878 448 923 inter
468 878 791 937 Origenianam
813 887 859 923 et
880 878 1262 926 Theodorianam.
1333 885 1453 927 Nam
1476 898 1581 929 cum

173 946 248 992 illa
272 946 340 992 via
359 943 504 990 media
535 946 665 990 certis
698 944 910 991 limitibus
940 943 1119 991 definita
1151 963 1244 993 non
1267 945 1384 1003 effet,
1417 949 1582 998 accidit

172 1015 240 1070 iis,
274 1010 397 1076 quod
427 1010 649 1064 omnibns,
684 1013 758 1074 qui
790 1011 900 1058 nihil
931 1009 1008 1058 nifi
1036 1016 1146 1060 viam
1165 1017 1335 1062 mediam
1356 1013 1516 1064 iaGant
1535 1018 1582 1062 in

172 1082 317 1145 aliqua
355 1097 423 1135 re,
469 1089 518 1126 vt
545 1076 812 1125 fluGuarent
837 1089 885 1125 et
914 1091 1130 1136 errarent,
1170 1098 1196 1127 e
1227 1083 1417 1146 casuque
1445 1087 1582 1144 magis

172 1146 440 1213 penderent,
481 1163 614 1210 quam
636 1163 661 1204 e
683 1156 804 1192 certa
827 1147 1015 1202 ratione,
1033 1159 1083 1194 vt
1109 1164 1254 1211 nuper
1273 1148 1327 1195 de
1348 1151 1584 1212 Theodora,

174 1225 220 1264 to
247 1216 527 1268 notauimus,
561 1216 607 1260 in
639 1214 747 1261 Bibl.
788 1215 929 1261 Theol.
969 1215 1063 1264 Vol.
1094 1218 1185 1264 IX.
1199 1234 1247 1278 p.
1269 1232 1381 1278 490.
1449 1217 1585 1282 Apud

172 1285 309 1347 Syros
330 1293 494 1336 autem,
521 1292 568 1329 vt
591 1281 712 1338 olim,
743 1283 802 1328 ita
821 1298 926 1328 cum
945 1284 1136 1329 maxime
1165 1294 1349 1330 vocatur
1368 1286 1592 1348 Inter-pre&⁴

173 1356 232 1398 tis
256 1351 440 1397 nomine
461 1346 730 1413 simpliciter,
765 1348 879 1413 quali
898 1353 1107 1413 Princeps
1126 1353 1426 1414 interpretum
1447 1355 1589 1401 omni·

173 1435 269 1475 um,
302 1428 352 1464 vt
381 1416 515 1463 docet
542 1419 817 1473 Renaldotius
849 1419 1217 1478 Liturg..Orient.
1247 1423 1307 1466 T.
1330 1423 1382 1466 11.
1410 1423 1587 1483 p.'6·212*.

172 1485 227 1534 ad
244 1486 489 1546 Liturgiam
520 1487 807 1548 Interpretis‚
851 1487 876 1532 i.
894 1503 931 1532 e.
975 1487 1200 1534 Theodori:
1247 1503 1501 1553 quanquam
1542 1487 1588 1535 id

172 1554 225 1601 ad
246 1557 382 1618 Syros
406 1551 698 1600 Nestorianos
718 1554 924 1616 pertinet,
955 1565 1003 1600 vt
1021 1571 1090 1600 res
1111 1555 1200 1619 ipsa
1223 1554 1371 1612 docet,
1402 1565 1453 1602 et
1468 1556 1588 1619 Affi‘-

173 1627 348 1671 mannus
370 1622 480 1668 Bibl·
507 1621 670 1669 Orient.
696 1624 753 1666 T.
775 1624 849 1666 ΠΙ.
867 1624 912 1668 Ρ.
936 1625 986 1668 11.
1009 1638 1052 1684 p.
1076 1639 1183 1679 127.
1207 1620 1265 1685 sq.

276 1693 429 1752 Atque
450 1688 557 1733 hinc
578 1685 699 1750 quafi
729 1686 874 1733 classes
904 1688 1119 1751 quaedam
1151 1683 1452 1751 interpretum
1482 1705 1586 1752 pro·

173 1757 465 1823 pheticorum
489 1756 700 1821 exstitere·
768 1759 890 1802 Nam
911 1765 1050 1808 erant,
1083 1757 1157 1818 qui
1172 1753 1509 1803 Theodorianas
1526 1758 1591 1804 in·

183 1824 530 1888 terpretatioues
547 1820 641 1868 fere
659 1821 915 1884 probarent,
943 1840 993 1869 ac
1014 1821 1317 1872 defenderent,
1336 1840 1591 1887 quanquam

184 1890 427 1940 admodum
447 1891 602 1954 pauci:
639 1890 818 1952 qualem
850 1890 1044 1954 Cosmum
1064 1890 1351 1954 Indopleusten
1375 1893 1592 1951 cognouis-

178 1975 309 2014 πως,
342 1971 442 2005 tum
472 1959 517 2003 in
546 1958 916 2019 interpretatione
944 1957 1230 2012 Psalmorum,
1268 1968 1461 2022 quatuor
1495 1969 1592 2006 tane-

178 2038 277 2076 tum
299 2026 490 2073 Psalmos
511 2023 625 2090 καθ’
651 2023 812 2089 {coelom
835 2041 885 2070 ac
903 2026 1084 2089 proprie
1104 2024 1159 2071 de
1181 2022 1354 2073 Christo
1373 2027 1592 2090 accipienr

180 2106 297 2151 tem,
333 2092 603 2157 Topograph.
639 2092 794 2154 Christ.
826 2108 868 2154 p.
895 2107 974 2154 90.
1011 2103 1110 2139 tum
1144 2094 1190 2138 in
1235 2093 1328 2139 aliis
1358 2094 1592 2158 Prophetis

177 2165 322 2211 multa
342 2178 445 2208 cum
480 2160 701 2207 Theodoro
731 2160 786 2206 de
816 2159 1073 2207 hominibus
1108 2158 1222 2212 dista
1251 2161 1592 2221 intelligentem,

181 2241 228 2278 et
250 2246 334 2294 per
355 2224 586 2292 mysticam
609 2224 748 2273 modo
769 2227 988 2274 rationem
1007 2226 1060 2273 ad
1080 2226 1303 2275 Christum
1324 2227 1594 2275 transferen-

181 2309 303 2353 tem3
335 2296 459 2343 velut
489 2293 599 2342 illud
633 2295 892 2341 Zachariae:
924 2295 1074 2343 Gaude
1094 2295 1194 2355 filia
1223 2298 1342 2349 Sion,
1374 2299 1485 2343 venit
1514 2312 1593 2344 rex

187 2374 299 2421 tuus,
331 2362 383 2410 ad
414 2360 759 2418 Sorobabelem‚
799 2359 873 2407 sed
902 2371 950 2409 vt
987 2361 1266 2426 hyperbolen
1296 2363 1518 2424 agnoscat,
1547 2374 1595 2410 et

189 2426 409 2479 euentum
436 2432 674 2495 proprium
707 2439 754 2477 et
782 2427 882 2479 κατ’
913 2426 1138 2495 ἀκρίβειαν
1161 2434 1385 2494 pertinere
1411 2430 1523 2476 dicat
1539 2428 1594 2476 ad

187 2498 414 2547 Christum
434 2499 696 2544 Dominum.
767 2501 887 2542 Nam
919 2509 967 2543 et
987 2499 1309 2545 Commentarii
1337 2499 1381 2544 in
1404 2497 1594 2544 Psalmos

189 2566 351 2615 titulus
394 2584 416 2611 a
436 2564 662 2612 veteribus
682 2563 882 2618 traditus,
904 2563 966 2610 est
983 2565 1212 2623 eiusmodi,
1242 2576 1288 2612 vt
1307 2574 1353 2611 et
1370 2562 1593 2611 historiam

200 2638 250 2683 et
286 2629 517 2698 mysticam
559 2633 983 2698 interpretationem
1014 2632 1214 2681 secutum
1250 2630 1337 2679 effe
1373 2645 1593 2697 appareat.

1504 2701 1596 2747 Hie
