1682 3068
219 131 318 188 286
525 145 815 179 vmmcmr.
849 123 1105 187 anan-1³11
1139 148 1331 182 mvmr

214 262 394 310 rentur,
444 249 601 309 fidem,
653 251 971 310 obedientiam,
1025 251 1116 301 sine
1158 255 1318 320 quibus
1354 254 1456 312 illa,
1496 258 1618 305 velut

212 333 369 373 mente
390 335 440 375 ac
461 319 584 367 sensu
605 318 733 377 cassa,
767 323 899 369 etiam
918 321 1208 386 displicerent,
1251 340 1270 369 1
1297 326 1407 371 Sam.
1417 324 1522 382 XV,
1544 342 1619 371 22.

213 391 294 454 Ps
312 391 365 436 L.
410 388 486 451 Es
502 391 544 442 I,
570 403 588 433 1
604 404 622 434 1
647 397 720 436 cet.
818 392 975 452 Itaque
995 388 1022 434 si
1045 390 1151 453 quid
1171 392 1219 436 iu
1239 391 1330 438 hoc
1360 385 1527 452 genere
1558 390 1616 439 ab

213 455 413 504 Israelitis
435 465 672 520 peccatum
691 451 770 512 est,
804 455 926 519 quod
947 454 1110 502 fastum
1133 455 1216 504 effe
1238 451 1364 522 plus,
1409 475 1538 523 quam
1558 458 1619 506 sa-

212 528 271 582 tis
302 517 427 579 esset,
479 521 647 571 docent
679 524 884 588 querelae
921 523 1267 586 Prophetarum,
1311 527 1618 591 eiusvculpam

213 608 398 640 omnem
422 589 630 639 sustinent
651 590 881 648 homines,
919 591 1031 638 nihil
1062 591 1168 639 inde
1196 593 1472 643 cerimoniae·
1499 594 1616 659 ipsae

211 662 310 709 vitii
326 669 405 706 aut
425 674 564 706 noxae
591 659 787 706 trahunt.
977 675 982 678 “
1176 656 1179 660 ’

312 740 388 785 97.¹
417 726 500 780 Sed
518 727 774 775 innocentia
800 742 949 774 earum
967 721 1124 774 multis
1146 738 1194 774 et
1218 725 1391 791 magnis
1411 744 1613 781 commo·

212 795 279 844 dis
298 795 560 851 cumulatur.
639 797 691 840 In
712 795 869 860 quibus
891 796 1084 858 primum
1107 795 1237 842 facile
1255 795 1532 858 agnoscimus
1554 814 1617 853 ea,

211 880 324 927 quae
340 861 531 911 diximus
552 879 573 907 a
591 861 767 924 Fostero
787 873 835 908 et
856 863 950 908 aliis
972 861 1286 920 demonstrata,
1332 864 1449 912 vnde
1479 868 1614 912 etiam

208 931 420 995 sapientia
439 928 586 976 diuina
604 928 859 984 illustratur,
906 945 1021 993 quae
1049 929 1374 978 conseruandae
1404 931 1614 992 religioni

206 1015 355 1060 verae,
396 1007 442 1044 et
461 997 681 1044 cauendae
713 994 1007 1062 superstitioni
1033 998 1091 1044 ita
1108 1010 1231 1062 aptas
1263 1016 1333 1046 res
1359 1001 1541 1049 inuenit,
1565 1009 1612 1046 et

207 1065 357 1114 sanxit.
454 1065 594 1119 Quod
624 1062 656 1111 fi
687 1067 786 1129 quis
823 1065 1161 1128 Spencerianam
1190 1068 1410 1114 rationem
1437 1066 1612 1131 probet,

170 1135 172 1137 ’
209 1128 335 1181 cuius
357 1133 461 1179 vitia
482 1149 576 1178 non
595 1133 848 1193 ignoramus
867 1147 880 1188 3
911 1131 1130 1179 adiuuerit
1150 1145 1196 1182 et
1214 1134 1305 1199 ipse
1323 1133 1509 1181 caussam
1530 1151 1610 1181 no·-

205 1200 346 1248 stram.
431 1198 505 1247 Est
525 1202 645 1246 enim
667 1199 948 1259 benignitatis
972 1211 1017 1246 et
1037 1199 1356 1248 misericordiae
1386 1213 1611 1266 paternae,
1677 1241 1681 1264 ¹.

206 1270 444 1317 demittere
467 1268 510 1314 se
531 1266 586 1312 ad
605 1267 951 1321 imbecillitatem
971 1267 1173 1324 suorum,
1200 1268 1350 1332 quoad
1370 1268 1500 1332 ipsius
1518 1269 1611 1315 san-

203 1335 331 1384 &itas
353 1347 400 1381 et
418 1335 644 1395 religionis
666 1335 857 1395 dignitas
876 1335 1076 1398 patiatur.
1135 1334 1222 1382 Sed
1241 1348 1324 1382 nos
1343 1336 1437 1382 aliis
1457 1347 1503 1382 et
1521 1353 1609 1383 ma·

202 1402 372 1452 ioribus
391 1402 525 1450 rebus
546 1402 849 1449 salubritatem·
864 1400 1039 1448 istarum
1059 1404 1401 1452 cerimoniarum
1419 1403 1610 1451 aestima·

203 1489 324 1529 mus,
361 1482 409 1517 vt
431 1471 628 1517 diximus.
729 1472 787 1516 Et
818 1472 1033 1532 quoniam
1066 1471 1109 1516 in
1128 1473 1187 1517 iis
1200 1473 1381 1535 proprie
1415 1488 1509 1521 non
1548 1468 1608 1522 est

202 1538 335 1604 ipsius
362 1539 588 1601 religionis
615 1555 737 1602 pars,
779 1535 858 1583 nisi
886 1537 1033 1600 quoad
1064 1537 1319 1590 obedientia
1347 1542 1447 1585 Deo
1475 1540 1523 1585 in
1556 1540 1607 1584 iis

202 1605 428 1655 seruandis
451 1603 710 1672 praestatur,
750 1604 823 1652 sed
841 1603 1065 1667 disciplina
1086 1606 1324 1665 religionis
1344 1607 1607 1669 virtutisque

203 1674 415 1722 colendae
430 1690 443 1730 ;
506 1690 556 1719 ea
575 1671 808 1736 quomodo
832 1669 955 1724 infit,
994 1670 1190 1718 breuiter
1216 1671 1607 1720 demonstrandum

200 1742 392 1791 videtur.
469 1745 574 1787 Nos
593 1750 742 1786 autem
763 1755 855 1784 non
876 1739 1023 1784 sumus
1043 1740 1098 1795 ii,
1125 1735 1202 1802 qui
1221 1738 1491 1805 disciplinam
1524 1757 1606 1804 ρος
1667 1749 1678 1752 ‘

198 1827 358 1857 namus
385 1808 549 1862 modo,
591 1818 667 1853 aut
684 1807 893 1861 maxime,
937 1808 983 1851 in
1004 1805 1260 1853 coercendis
1287 1803 1420 1854 rebus
1452 1809 1604 1864 malis,-

198 1877 273 1925 sed
295 1879 451 1939 etiam,
482 1886 527 1921 et
547 1876 688 1921 multo
705 1878 861 1934 magis,
881 1875 928 1919 in
949 1871 1205 1920 adiuuandis
1228 1873 1370 1921 boniS.
1439 1880 1602 1938 Neque

198 1948 319 1992 enim
341 1937 561 2007 disciplina
587 1940 650 1988 est
667 1943 848 2004 propria
870 1942 1098 2004 improbis,
1133 1958 1249 2005 quos
1269 1945 1465 1997 cose'rceri
1484 1944 1602 1990 seue·

197 2016 327 2061 ritate
355 2009 657 2058 institutorum
688 2008 955 2055 idoneorum
988 2011 1220 2063 conuenit,
1256 2007 1602 2060 sedcommunis

198 2084 328 2128 etiam
348 2078 517 2144 probis.
585 2080 640 2123 Et
663 2074 724 2122 est
742 2077 886 2123 multo
908 2077 1087 2132 melior,
1126 2093 1240 2140 quae
1258 2075 1388 2124 bonis
1408 2075 1600 2141 prodest,

196 2165 328 2213 quam
352 2163 465 2212 quae
484 2145 621 2191 malos
642 2152 828 2190 coercet.
907 2148 1026 2190 Nam
1057 2144 1166 2190 baec
1185 2141 1323 2191 modo
1340 2143 1546 2192 abstrahit
1575 2140 1603 2191 a

137 2258 143 2263 .
197 2213 366 2263 delistis
388 2215 577 2260 externis
592 2249 602 2268 ,
633 2222 681 2258 et
701 2214 824 2272 cogit
852 2209 992 2258 facere
1013 2221 1245 2260 externum
1267 2214 1443 2258 virtutis
1463 2222 1508 2258 et
1528 2229 1597 2258 re·

194 2280 375 2345 li'gionis
406 2298 541 2345 opus:
588 2280 658 2325 illa
687 2278 865 2325 adiuuat
891 2282 1101 2342 pietatem
1134 2290 1180 2326 et
1207 2281 1416 2336 virtutem
1444 2279 1598 2343 ipsam,

193 2369 278 2416 per
299 2366 431 2414 quam
451 2366 551 2396 vera
573 2363 709 2410 opera
730 2344 966 2394 sanRitatis
984 2343 1111 2392 fiunt.
1187 2344 1456 2394 Habuerunt
1485 2363 1595 2407 ergo

193 2420 464 2465 cerimoniae
497 2416 716 2462 Mosaicae
751 2412 1018 2476 disciplinam
1049 2413 1162 2459 illius
1191 2414 1389 2475 generis,
1444 2410 1593 2476 quoad
1662 2464 1667 2465 ⁷

190 2485 492 2531 neceiiitatem
512 2483 702 2530 attulere
724 2481 945 2528 sacrorum
968 2483 1101 2527 certis
1121 2479 1402 2545 temporibus
1423 2480 1595 2528 obeun-

189 2552 374 2607 dorum,
417 2562 462 2596 et
490 2561 777 2614 peccatorum
798 2564 1065 2612 quocunque
1095 2548 1234 2595 modo
1255 2545 1589 2611 expiandorum.

189 2625 399 2677 Quorum
420 2619 609 2665 alterum
630 2616 822 2674 canebat,
842 2632 900 2663 ne
918 2617 1123 2665 homines
1144 2613 1339 2681 improbi
1358 2615 1589 2680 paullatim

994 2695 998 2701 “
1403 2698 1587 2731 omnem
