1682 3068
233 168 335 222 270'
534 171 821 203 vnemcuu:
856 173 1110 207 hamran
1145 176 1332 207 nsvnu

227 282 379 337 notio,
410 294 524 343 quae
543 279 614 326 vel
633 276 691 326 fic
709 278 804 330 satis
823 290 1014 336 vexatur,
1043 282 1112 329 vel
1131 283 1360 347 impietate
1376 283 1630 343 hominum,

227 350 300 398 vel
318 347 510 403 inscitia3
537 347 664 394 omni
681 347 817 395 modo
836 347 1136 397 laborantibus
1155 352 1406 415 permultis,
1427 362 1474 400 vt
1493 351 1629 401 fidem

226 415 360 465 nobis
380 411 592 471 efficiant,
629 431 741 479 quae
758 414 808 463 fit‘
826 416 936 478 legis
956 434 1046 463 non
1069 419 1322 478 Euangelii,
1355 434 1451 468 non
1472 417 1630 468 Christi

227 484 301 533 sed
319 482 691 546 Philosophorum
705 518 716 538 ,
751 500 844 531 non
864 486 1030 545 gratiae
1048 484 1119 530 sed
1138 496 1330 533 naturae.
1397 491 1557 552 Atque,
1579 497 1631 535 vt

226 569 287 600 ne
298 554 396 616 quis
415 554 462 597 in
480 551 564 598 hac
577 548 828 616 quaestione
841 562 1024 613 vagetur
1041 554 1218 600 incertis
1228 553 1503 614 regionibus,
1514 553 1630 601 vnde

229 620 467 667 declinatio
496 616 574 665 fiat
603 615 656 665 ad
689 635 861 666 errores
887 636 1068 679 graues,
1115 620 1190 667 illa
1222 621 1366 685 prima
1391 631 1438 668 et
1461 621 1628 668 summa

229 687 377 735 cautio
398 683 482 743 est,
521 702 602 742 ne,
631 683 737 733 dum
757 686 1006 734 faciliorem>
1023 686 1151 734 nobis
1171 704 1269 735 eam
1287 688 1629 752 explicationem

227 753 416 804 reddere
445 755 672 818 cupimuS,
719 755 766 801 in
794 753 926 802 fidem
955 754 1191 801 inferamus
1221 754 1266 802 id
1293 755 1460 820 ipsum,
1505 758 1626 804 cuius

228 819 417 870 caussam
435 823 708 885 quaerimus;
776 821 901 886 quod
917 822 1087 869 faciunt
1109 838 1212 868 cum
1234 824 1523 882 Arminianis,
1553 823 1628 888 qui

226 894 274 940 in
301 889 391 955 ipsa
419 886 508 935 fide
538 888 670 936 ineffe
699 888 852 936 dicunt
871 890 1149 937 voluntatem
1180 888 1355 937 firmam
1382 889 1626 947 obediendi,

227 968 274 1006 et
290 972 488 1004 amorem
507 958 612 1013 Dei,
656 967 732 1004 aut
759 959 958 1005 animum
985 958 1028 1004 se
1056 957 1214 1021 suaque
1230 960 1379 1005 omnia
1407 957 1627 1005 dicantem

227 1036 275 1073 et
297 1023 631 1072 consecrantem
651 1027 774 1083 Deo,
805 1036 854 1071 et
873 1026 952 1072 alia
971 1023 1041 1071 his
1059 1023 1220 1072 fimilia.
1272 1027 1323 1073 In
1344 1024 1503 1089 quibus
1524 1024 1626 1073 sane

227 1090 468 1141 admodum
496 1092 626 1138 facile
653 1090 740 1149 est,
786 1091 956 1150 videre,
1001 1090 1231 1157 quomodo
1258 1110 1284 1138 e
1309 1092 1396 1140 fide
1427 1092 1626 1140 nascatur

227 1158 474 1208 obedientia
494 1175 595 1207 curn
617 1158 747 1207 bonis
765 1161 992 1225 operibus.
1068 1160 1151 1207 Sed
1171 1162 1228 1207 ita
1249 1160 1503 1220 adiungitur
1520 1157 1626 1207 fidei

223 1226 330 1294 ipsi,
374 1227 494 1291 quod
522 1246 547 1274 a
576 1226 664 1274 fide
695 1229 821 1284 oriri,
866 1228 980 1275 clare
1007 1229 1251 1293 loquuntur
1280 1227 1537 1291 scripturae,
1577 1237 1625 1274 vt

225 1306 328 1342 ante
348 1292 603 1351 docuimus,
633 1306 681 1342 et
696 1294 804 1342 fides
826 1297 946 1342 inter
964 1297 1108 1357 legem
1126 1306 1172 1341 et
1191 1296 1484 1356 Euangelium
1509 1295 1624 1341 male

225 1361 449 1410 diuiditur.
519 1366 642 1410 Nam
665 1363 896 1424 Euangelii
915 1361 975 1410 est
994 1364 1079 1410 sola
1097 1362 1338 1428 promiffio,
1358 1379 1492 1426 quam
1512 1360 1622 1409 fides

223 1427 524 1496 ampleffitur,
568 1447 693 1477 amor
712 1442 858 1477 autem
881 1441 927 1478 et
948 1431 1150 1479 voluntas
1172 1433 1271 1477 Deo
1292 1429 1545 1484 obediendi,
1577 1439 1624 1476 et

224 1498 268 1546 se
285 1501 384 1545 Deo
405 1496 714 1555 consecrandi,
754 1496 815 1544 est
833 1500 967 1560 legis,
1012 1516 1125 1563 quae
1145 1497 1301 1547 Deum
1318 1498 1446 1562 super
1464 1499 1623 1555 omnia,
1680 1503 1682 1511 ’

225 1565 426 1630 adeoque
457 1569 588 1613 etiam
625 1565 754 1630 supra
791 1571 972 1613 noemet
997 1567 1135 1630 ipsos,
1204 1575 1250 1611 et
1285 1564 1430 1612 nostra
1459 1566 1623 1623 omnia,
1671 1591 1673 1594 <

221 1650 368 1680 amare
388 1634 524 1681 iubet,
569 1637 721 1697 Itaque
741 1650 827 1679 nec
849 1634 891 1679 hi
916 1634 1102 1697 placent,
1123 1634 1198 1695 qui
1218 1633 1262 1678 in
1281 1630 1367 1677 fide
1387 1631 1621 1688 Christum,

220 1718 316 1747 non
336 1700 475 1748 modo
504 1711 552 1749 vt
581 1700 867 1747 mediatorem
898 1711 943 1747 et
971 1703 1264 1765 expiatorem,
1306 1698 1378 1746 sed
1409 1703 1537 1747 etiam
1574 1710 1621 1748 vt

221 1765 449 1815 doaorem
468 1780 515 1815 et
533 1783 686 1828 regem
709 1784 758 1814 ac
777 1769 1013 1814 dominum
1032 1768 1172 1814 teneri
1197 1766 1410 1823 iudicant,
1447 1779 1496 1814 vt
1528 1768 1619 1814 san·

219 1833 380 1887 stitatis
403 1839 534 1897 origo
562 1853 614 1882 ex
635 1834 721 1881 fide
749 1835 956 1889 declarari
982 1834 1136 1899 poffst,
1176 1847 1223 1882 vt
1252 1837 1434 1899 Wtſsus
1471 1836 1621 1884 Oecon-

219 1905 352 1953 Foed.
383 1907 463 1951 din.
486 1922 532 1966 F.
566 1920 670 1962 355.
701 1914 748 1950 et
777 1904 871 1950 alii:
918 1915 1034 1959 nec,
1077 1903 1151 1967 qui
1181 1901 1313 1949 fidem
1346 1919 1464 1957 eam,
1508 1919 1619 1966 quae
1656 1936 1662 1950 i

219 1971 402 2018 salutem
425 1972 508 2030 dat,
530 1968 705 2027 assensn,
725 1971 777 2018 ad
797 1972 944 2018 omnia
955 1968 1179 2017 dofihinae
1190 1969 1452 2018 Christianae
1465 1973 1620 2036 capita,

218 2050 269 2086 vt
300 2038 356 2084 de
376 2042 503 2096 Deo,
546 2038 601 2086 de
622 2039 796 2086 summo
827 2038 974 2095 bono,
1014 2037 1235 2102 promiffis
1254 2037 1482 2095 omnibus,
1521 2054 1620 2102 per-

217 2107 411 2166 tinente,
455 2107 660 2171 capiunt3
729 2106 847 2154 vnde
877 2123 957 2171 per
985 2117 1189 2153 naturam
1217 2107 1353 2152 animi
1380 2105 1617 2152 necessario

218 2191 347 2222 amor
375 2176 472 2231 Dei,
514 2185 561 2221 et
588 2172 808 2232 sanststas,
850 2174 1064 2239 sequatur.
1159 2177 1211 2220 In
1241 2189 1332 2236 quo
1359 2189 1451 2220 non
1480 2174 1618 2220 modo

216 2240 322 2289 fidei
351 2260 478 2290 verae
504 2242 668 2290 inscitia
690 2254 901 2309 peccant,
953 2241 1027 2288 sed
1064 2243 1196 2288 etiam
1235 2242 1328 2286 veri
1356 2251 1402 2286 et
1428 2238 1616 2287 efficacis
1646 2299 1647 2302 Ἰ

218 2312 394 2366 amoris,
427 2312 503 2375 qui
521 2327 616 2357 non
637 2315 780 2359 oritur
801 2327 825 2356 e
846 2309 956 2357 boni
975 2309 1174 2364 scientia,
1200 2306 1273 2355 sed
1291 2323 1317 2353 e
1336 2306 1441 2354 boni
1461 2310 1616 2373 potius

218 2381 389 2442 accepti
417 2377 701 2443 polseffione,
746 2376 916 2434 frustu,
958 2387 1003 2424 et
1033 2377 1168 2424 sensu.
1262 2377 1448 2422 Veteres
1478 2374 1616 2422 nostri

215 2446 474 2507 Theologi‚
517 2464 784 2510 quamquam
814 2445 868 2492 de
888 2447 970 2492 hac
989 2462 1036 2491 re
1052 2445 1316 2508 plerumque
1337 2446 1397 2490 ita
1422 2443 1614 2506 loquun-

215 2522 314 2567 tur,
346 2524 397 2560 vt
416 2516 570 2579 potius
591 2532 690 2572 rem
709 2515 842 2579 ipsam
857 2550 868 2569 ‚
915 2514 1004 2560 hoc
1024 2511 1105 2568 est,
1144 2507 1504 2558 coniunffionem
1522 2510 1614 2557 san·

213 2577 379 2627 &itatis
403 2599 505 2628 cum
526 2581 635 2637 fide,
681 2593 729 2629 vt
752 2579 937 2628 effe-{tus
959 2598 1060 2627 curn
1081 2580 1155 2626 sua
1175 2574 1336 2630 cauffa,
1378 2574 1615 2635 affirment,

212 2658 261 2694 et
282 2645 638 2698 similitudinibus
660 2648 976 2711 congerendis,
1008 2657 1055 2696 vt
1071 2647 1206 2707 igniS,
1235 2654 1285 2693 vt
1303 2647 1615 2759 magnetis,bvt

1483 2730 1529 2759 ar
1562 2727 1609 2758 o-
