1682 3068
346 211 406 241 nt
439 209 741 240 lemannus
790 190 1217 243 cons-ruvereus<
1381 210 1480 260 237

12 314 14 317 ’
50 324 288 367 mentm-os
319 316 755 364 incommunionem
783 316 1008 363 donorum
1031 318 1219 381 Spiritus
1241 315 1479 381 &eogno-

35 371 320 447 >'³‘viffentque
336 394 384 430 et
403 393 691 447 praeceptum
711 383 935 438 diuinum,
975 396 1021 431 et
1039 382 1323 451 promissum,
1345 386 1479 434 sobie-

24 462 183 498 ---runt
202 449 486 515 baptismum,
528 467 675 514 eoque
694 450 915 515 suscepto,
953 468 1055 497 cum
1077 450 1179 514 ipsis
1208 453 1476 517 imposuisset

4 504 20 553 3
71 534 231 564 manus
252 515 514 582 Apostolus,
555 521 688 564 etiam
717 535 933 582 accepere
953 518 1156 565 coelestia
1177 519 1307 568 dona.

173 603 196 646 5
209 601 246 642 3.
258 589 372 645 ‘Hie
386 586 502 632 solet
519 584 652 632 obiici
667 586 802 633 locus
817 603 870 632 ex
889 588 1043 632 iisdem
1057 588 1312 636 AfflsXVJ
1313 591 1368 636 II
1369 601 1478 638 extr.

43 703 46 706 ,
71 650 129 699 de
145 653 415 717 Apollonio,
458 670 592 717 quem
613 657 863 701 accuratius
884 654 1068 717 quidem
1088 653 1295 702 edofiium
1334 657 1475 716 fuisse,

63 718 409 782 ‘aiunt,2‘(}inrissi
430 718 691 775 dossrinam,
720 739 854 786 quam
877 733 982 768 ante
1001 739 1026 768 e
1046 725 1227 768 loannis
1251 723 1479 788 disciplina
1529 779 1533 782 ,

71 799 345 851 acceperat„
373 788 444 834 sed
483 786 575 835 fine
608 792 880 853 repetitione
921 789 1142 855 baptismis
1230 793 1475 841 Enimuero

39 887 42 890 ‹
69 853 266 920 nuspiam
279 852 447 904 dicitur
465 873 572 903 eum
594 874 686 903 non
705 858 849 905 rursus
871 857 993 904 vsum
1012 856 1097 904 effe
1117 856 1359 922 baptismo:
1390 880 1478 916 res,

68 924 247 970 γε’-ηοε-
268 933 315 969 et
342 923 559 981 solennis,
601 927 991 989 praetermittitur.
1076 926 1209 972 'Ecce
1238 930 1360 974 enim
1390 946 1476 977 nec

65 989 407 1045 illudet-ditur,
454 1009 559 1039 eum
578 991 790 1057 accepisse
805 991 1024 1057 impositis
1041 991 1246 1058 Apostoli
1268 996 1475 1047 manibus

63 1055 310 1121 ‘tb'wvsia'pa
327 1056 378 1105 τὸ
395 1057 544 1123 ἅγιον,
589 1061 631 1106 h.
653 1078 694 1106 e.·
711 1061 831 1109 dona
847 1063 1037 1126 Spiritus
1067 1060 1203 1108 santii
1230 1064 1473 1112 extraordi-

12 1167 13 1170 ,
63 1130 198 1172 naria.
265 1133 337 1174 An
356 1139 594 1191 propterea
612 1127 899 1190 negabimus,
932 1146 982 1175 ea
1001 1128 1248 1194 accepisse?
1309 1135 1474 1190 Immo,

65 1195 170 1257 quia
192 1193 237 1241 id
257 1192 392 1241 fiebat
410 1195 604 1259 semper,
642 1213 739 1243 eam
763 1196 823 1245 ob
844 1196 1028 1245 caussam
1047 1200 1278 1261 praeteriri
1294 1198 1471 1249 silentio

63 1260 187 1308 solet.
241 1262 394 1308 Multo
414 1274 564 1310 autem
587 1265 733 1310 minus
754 1266 917 1330 aliquid
939 1267 984 1312 in
1007 1269 1275 1314 contrariam
1295 1280 1471 1332 partem

64 1329 182 1374 valet
204 1328 329 1374 locus
349 1330 460 1375 alter
478 1330 577 1376 Aa.
601 1330 732 1385 VIII,
759 1347 830 1390 ¹4·
862 1332 985 1396 quod
1016 1331 1078 1379 ibi
1106 1350 1165 1380 ne
1192 1334 1337 1383 sermo
1374 1340 1468 1400 qui-

65 1394 167 1441 dem
186 1393 248 1440 est
268 1396 325 1441 de
343 1395 558 1460 discipulis
578 1400 770 1445 Ioannis.
864 1403 988 1446 Nam
1017 1397 1153 1462 λόγος
1181 1400 1291 1463 osi,
1329 1421 1468 1468 quem

63 1460 267 1526 Apostoli
295 1463 543 1519 audierant,
585 1478 820 1528 receptum
842 1465 968 1514 fuisse
985 1470 1220 1526 Samariae,
1265 1466 1470 1532 Euange-

63 1530 173 1575 lium
194 1530 304 1584 suit,
346 1531 470 1593 quod
493 1550 516 1579 a
534 1533 744 1596 Philippo
774 1534 835 1581 ibi
865 1535 1079 1582 traditum
1107 1537 1275 1595 fuerat,
1317 1550 1365 1587 et
1395 1540 1467 1587 ba-

17 1630 21 1631 r
61 1597 250 1662 ptismus
276 1595 329 1643 ab
358 1601 407 1644 iis
436 1600 655 1664 susceptus
688 1600 831 1649 fuerat
859 1621 884 1649 e
902 1602 1108 1650 manibus
1137 1605 1335 1653 eiusdem
1364 1609 1467 1655 Phi-

54 1665 197 1728 lippi,
239 1682 341 1712 non
370 1669 556 1714 Ioannis.
649 1671 809 1732 Itaque
838 1687 931 1717 non
960 1673 1234 1735 repetitione
1263 1674 1468 1739 baptismi

20 1794 23 1795 ⁷
62 1747 176 1796 opus
197 1743 301 1787 erat,
334 1733 408 1780 sed
427 1732 709 1800 impositione
728 1753 946 1786 manuum
968 1738 1237 1804 Apostolica,
1268 1754 1317 1789 vt
1335 1743 1465 1791 donis

16 1796 134 1864 [Ἑρ.
160 1803 201 1847 S.
231 1801 481 1849 bearentur.

51 1880 55 1883 ’
153 1883 232 1930 54.
257 1869 360 1926 Sed,
394 1881 443 1917 vt
463 1868 735 1918 Sacramenta
754 1876 946 1939 vniuerjfiz
974 1873 1027 1920 ad
1051 1874 1362 1940 disputationis
1382 1895 1463 1926 no-

59 1929 171 1981 strae
197 1935 428 1984 consilium
456 1938 877 1990 accommodemus:
909 1946 954 1989 in
975 1943 1181 1990 omnibus
1207 1944 1463 1995 institutum

4 2037 9 2039 -
58 2002 288 2061 relig-ionis
299 2006 615 2060 voluntarium,
633 2007 752 2068 quod
775 2011 895 2056 nulla
906 2012 1018 2058 ratio
1036 2013 1227 2060 humana
1239 2014 1313 2061 sua
1331 2014 1461 2079 spon-

59 2077 109 2113 te
127 2071 279 2133 potuit
297 2069 469 2135 assequi,
498 2088 584 2117 nec
603 2073 735 2120 habet
762 2077 893 2125 vllam
916 2078 1193 2127 necessariam
1215 2084 1461 2146 copulatio-

58 2151 166 2182 nem
185 2154 287 2184 cum
309 2151 462 2185 natura
481 2139 551 2185 vel
571 2138 717 2187 diuina
740 2144 809 2190 vel
839 2145 1043 2194 humana.
1114 2152 1283 2212 Neque
1301 2151 1382 2197 alia
1400 2151 1459 2198 fa-

60 2204 146 2250 cile
162 2221 231 2250 res
251 2204 325 2263 est,
361 2210 404 2253 in
434 2207 633 2254 vniuersa
663 2210 879 2271 religione
901 2213 1154 2270 Christiana,
1183 2219 1230 2263 in
1261 2235 1349 2281 qua
1367 2235 1461 2266 ma-

3 2287 18 2310 <
51 2273 126 2332 ⁴gis
153 2272 383 2321 arbitrium
406 2274 514 2321 illud
544 2274 745 2324 diuinum
772 2281 999 2341 religionis
1030 2282 1365 2332 constituendae
1382 2303 1459 2352 ap-

8 2351 231 2402 ·aepnreat,
266 2359 398 2405 quam
428 2341 679 2406 baptismus.
751 2344 826 2393 Est
854 2352 973 2396 enim
1001 2351 1182 2406 clarum,
1213 2369 1316 2400 eum
1348 2354 1460 2403 nihil

57 2405 232 2474 habere,
258 2409 406 2472 quoad
428 2428 537 2474 aqua
558 2409 785 2473 perfundit
804 2415 999 2463 hominis
1030 2434 1210 2482 corpu-2,
1237 2421 1362 2484 quod
1383 2422 1457 2470 ha-

9 2471 259 2542 γὺψ
281 2476 324 2522 se
344 2479 532 2541 aliquam
551 2474 851 2538 efficientiam,
881 2486 1184 2547 pertinentem
1203 2487 1259 2535 ad
1281 2492 1458 2538 animos

44 2535 282 2610 3'hufij'nos
313 2555 444 2608 atque
473 2545 674 2592 salutem.¹
734 2551 792 2597 Et
824 2560 975 2598 tamen
1006 2556 1107 2600 Deo
1137 2554 1316 2618 placuit,
1353 2558 1458 2606 huic

57 2609 267 2666 talistam
288 2616 413 2659 tenui
432 2616 506 2668 rei,
534 2627 775 2679 praecepto
797 2634 848 2664 ac
867 2618 1076 2682 promisso
1098 2621 1188 2678 suo,
1217 2623 1457 2686 adstringe-

59 2690 110 2722 re
126 2681 344 2730 rationem
376 2681 526 2729 salutis
553 2683 637 2749 vel·
653 2685 925 2750 expetendae
948 2689 1018 2738 vel
1037 2689 1283 2759 sperandae,
1315 2696 1454 2741 Marc.

1318 2761 1452 2820 XVI,
