1650 3060
180 183 280 234 532
351 184 416 216 m:
457 179 809 219 'rflssoLoGIAE
845 182 1119 220 lus‘rQRm.
1151 187 1219 216 Er
1258 187 1488 220 DOGMAT.

181 301 229 339 et
250 285 548 354 Metaphyfici
576 286 661 335 effe
686 286 925 353 haberique
951 290 1120 338 vellent
1149 292 1195 338 in
1214 291 1472 354 Theologia
1503 305 1586 342 tra-

179 359 345 413 denda,
390 375 521 421 quam
551 358 596 405 in
636 357 763 403 sacris
790 358 928 404 literis
959 369 1004 404 et
1030 362 1340 407 monumentis
1368 360 1587 409 Ecclesiae

180 426 360 476 versati:
397 424 519 489 quod
547 422 632 471 effe
661 441 756 470 non
775 423 933 489 potest,
962 424 1042 472 nisi
1070 429 1145 490 qui
1174 425 1226 474 sit
1243 444 1402 490 magna
1419 430 1586 490 lingua·

181 512 287 544 rum
320 505 521 540 veterum
553 503 601 539 et
633 489 908 540 historiarum
930 492 1109 540 scientia
1131 495 1368 558 praeditus,
1404 497 1587 555 nedum,

183 566 263 626 qui
285 579 355 607 eas
380 553 511 607 etiam
530 562 794 614 contemnit,
805 572 852 607 et
874 559 926 606 ab
950 578 1097 608 earum
1119 560 1264 610 studio
1285 565 1493 611 homines
1515 565 1588 611 de-

184 641 245 678 tei
257 640 347 686 ret,
383 632 507 674 cuius
540 628 794 674 dementiae
821 629 989 675 multos
1019 646 1122 676 reos
1161 628 1289 677 fuisse
1317 635 1588 696 accepimus.

184 702 328 745 Cuius
349 698 412 742 rei
430 692 529 759 post
549 694 634 742 fata
652 693 850 743 frustum
866 697 1068 743 tulerunt
1089 698 1222 754 hunc,
1250 710 1299 745 vt
1318 699 1511 763 ipsorum
1536 701 1586 747 li—

110 804 112 807 .
187 765 256 814 bri
278 782 301 810 a
326 765 503 811 nemine
525 763 1153 826 propemodumlegerentur:
1175 766 1433 829 praesertim
1454 784 1589 827 nunc,

187 850 296 881 cum
324 835 458 878 etiam
491 830 681 891 intelligi
712 831 849 890 vulgo
881 830 1115 878 desierunt.
1181 832 1234 879 Id
1258 836 1309 880 iis
1337 836 1590 882 incommo-

190 901 299 948 dum
324 898 494 954 accidit,
525 896 640 944 vnde
670 900 873 944 omnium
903 901 1087 945 minime
1114 900 1366 958 timuerant,
1400 902 1490 949 hoc
1516 902 1590 960 est,

190 968 245 1016 ab
274 969 364 1032 ipsa
398 964 690 1031 philosophia,
725 964 797 1012 sed
827 982 888 1021 ea,
918 982 1029 1029 quae
1057 983 1080 1011 a
1109 965 1304 1015 barbarie
1321 967 1511 1032 pristina,
1542 972 1593 1019 in

189 1035 362 1085 scholas
380 1043 596 1086 reuocata,
628 1049 711 1095 per
728 1033 972 1095 praeclaros
988 1035 1106 1099 viros
1125 1033 1304 1083 liberata
1330 1036 1448 1094 esset,
1481 1054 1593 1100 quae

190 1122 261 1152 res
284 1105 443 1166 potiuS,
465 1117 597 1163 quam
619 1097 754 1146 verba
771 1103 955 1161 nugacia
976 1112 1023 1146 et
1044 1100 1223 1147 barbara
1241 1116 1425 1152 curaret.
1463 1107 1592 1151 Haec

192 1187 304 1230 ergo
350 1169 468 1216 illius
501 1167 786 1227 Theologiae
815 1165 1154 1232 Metaphysico-
1176 1167 1402 1227 barbarae,
1453 1174 1593 1228 cuius,

194 1253 466 1302 quamquam
488 1233 640 1280 castior
661 1245 753 1280 erat
783 1248 934 1282 vetere
964 1233 1223 1291 scholastica,
1257 1249 1406 1292 tamen
1422 1240 1593 1303 pudere

197 1306 387 1356 debebat
413 1303 594 1351 Lutlzeri
620 1299 870 1359 sestatoreS,
899 1313 1183 1351 contemtum
1212 1306 1372 1359 attulit,
1400 1319 1455 1354 ¹et
1474 1307 1595 1355 suam

194 1375 436 1439 puritatem
461 1370 515 1416 ab
546 1369 711 1417 talibus
740 1371 873 1436 spinis
904 1387 955 1416 ac
984 1369 1183 1422 sordibus
1211 1389 1316 1420 cum
1337 1374 1595 1435 Theologia

197 1441 532 1489 communicare
555 1439 757 1487 tentauit.
827 1437 912 1484 Sed
939 1440 985 1484 in
1014 1439 1095 1485 illis
1118 1437 1234 1502 ipsis,
1271 1443 1349 1504 qui
1374 1442 1458 1489 hac
1477 1459 1596 1489 noua

180 1504 546 1576 ¹philosophandi
574 1508 746 1557 ratione
782 1507 829 1552 in
860 1505 1113 1566 Theologia
1151 1517 1396 1565 vterentur,
1440 1511 1596 1556 extite-

197 1589 319 1632 runt,
351 1577 546 1639 quicum
568 1575 657 1631 aliis
679 1575 727 1619 in
749 1572 879 1620 rebus
910 1585 1160 1638 peccarent,
1189 1574 1245 1621 de
1266 1575 1428 1637 quibus
1446 1576 1520 1623 hic
1537 1575 1598 1624 di-

199 1662 303 1694 cere
326 1660 418 1690 non
448 1639 508 1688 est
530 1638 716 1699 necesse,
753 1651 852 1688 tum
880 1643 1024 1696 ineo,
1056 1641 1176 1705 quod
1197 1642 1475 1707 Philosophia
1503 1654 1596 1690 vte-

149 1713 156 1718 ”
197 1722 371 1767 rentur,
407 1727 512 1757 cum
531 1718 764 1756 contemtu
779 1709 1066 1769 Theologiae
1091 1706 1337 1767 historicae,
1367 1720 1414 1756 et
1442 1706 1595 1758 earum

199 1781 425 1829 literarum
456 1788 587 1839 atque
616 1778 789 1828 artium,
823 1774 982 1838 quibus
1017 1792 1064 1820 ea
1093 1778 1360 1833 continetur,
1391 1779 1597 1826 Theolo-

200 1851 317 1910 giam
337 1845 563 1908 replerent
584 1841 839 1890 notionibus
862 1852 909 1889 et
934 1842 1227 1909 opinionibus
1252 1842 1389 1891 festae
1405 1847 1511 1900 eius,
1542 1845 1597 1892 ad

200 1906 336 1979 quam
358 1915 406 1959 in
423 1913 659 1958 iuuentute
679 1907 817 1957 effent
837 1921 1007 1955 temere
1027 1908 1596 1975 delati‚,habe·rentquenon

200 1981 507 2040 Theologiam
538 1978 850 2040 Philosophiae
879 1975 1116 2023 subtilitate
1145 1977 1260 2024 bene
1292 1977 1597 2040 digestam,‘et

197 2051 503 2103 illuminatam,
536 2044 608 2092 sed
637 2045 966 2109 Philosophiam
999 2041 1125 2094 distis
1152 2044 1323 2093 biblicis
1353 2058 1597 2110 vtcunque,

201 2129 247 2165 et
274 2128 417 2181 prope
445 2124 622 2162 tantum
653 2114 839 2160 honoris
871 2109 1022 2170 caussa,
1057 2110 1313 2169 diffinitam,
1340 2124 1386 2160 et
1411 2114 1480 2161 his
1497 2113 1596 2179 ipsis

199 2185 329 2247 saepe
347 2193 587 2247 propterea
607 2181 727 2227 ‘male
754 2176 1013 2234 intellestiS‚.
1034 2180 1134 2243 quia
1162 2180 1336 2228 scientie
1366 2182 1596 2230 literarum

177 2251 308 2304 ,iusta
337 2252 499 2304 deerat,
540 2260 589 2295 et
614 2246 885 2295 versionibus
913 2248 1050 2307 magis
1079 2258 1128 2293 et
1153 2247 1300 2297 lexicis
1328 2248 1616 2310 vulgaribus„

199 2335 335 2384 quam
355 2317 518 2365 idoneo
538 2317 612 2363 vsu
631 2315 950 2378 interpretandi
976 2312 1223 2362 vtebantur.
1291 2319 1341 2362 In
1360 2333 1447 2380 qua
1465 2320 1596 2364 ratio-

188 2404 259 2434 ›ne
281 2388 414 2433 etiam
437 2385 580 2431 solent
601 2385 831 2430 contemni
854 2380 1057 2429 doaores
1069 2380 1285 2429 Ecclesiae
1304 2394 1488 2438 veteres,
1507 2384 1594 2430 vel·
1640 2387 1643 2389 ’

198 2465 252 2502 ut
282 2452 591 2516 Philosophiae
620 2461 833 2515 expertes,
863 2462 911 2496 et
940 2452 1091 2496 inanes
1120 2448 1426 2513 disputatores,
1459 2451 1595 2510 negli-

156 2520 159 2522 ’
200 2523 320 2581 gitur
344 2521 522 2566 scientia
550 2519 789 2573 librorum,
824 2520 901 2580 qui
929 2519 1068 2579 capita
1087 2517 1368 2578 Theologiae
1397 2519 1595 2574 maxima,

190 2598 249 2640 ,et
275 2584 596 2634 controuersias
626 2584 871 2632 clarissimas
899 2584 1080 2631 eruditis
1100 2583 1479 2648 disputationibuS,
1511 2585 1595 2631 cri·
1627 2632 1634 2645 1

197 2657 314 2714 ticis,
346 2652 576 2711 historiciS,
608 2665 656 2700 et
676 2651 940 2713 dogmaticis
960 2651 1282 2709 illuminarunt,
1312 2651 1448 2700 verbo
1469 2653 1598 2763 nibislg
1637 2660 1641 2671 ²

1518 2735 1592 2764 nii
