1682 3068
152 171 247 218 228
454 179 740 210 vmmcmz
775 181 1026 213 ARBrrRIl
1067 184 1251 213 orvnvl

148 295 269 341 tum,
311 293 358 331 vt
378 293 520 331 cetera
543 287 715 342 omnia,
753 287 801 333 in
822 286 982 350 quibus⁴
1001 299 1177 335 tantum
1198 285 1304 336 esi'et
1323 289 1550 339 adumbra-

151 354 218 400 tio
244 350 401 398 Christi
425 363 470 398 et
493 350 719 414 bonorum
743 357 805 401 N.
825 359 884 401 T.
943 358 1075 402 Vnde
1095 356 1329 405 necessario
1351 358 1553 422 sequitur,

148 431 195 467 vt
218 422 417 483 typicum
439 419 584 467 fuerit.
667 426 778 469 Non
799 433 945 468 autem
969 435 1061 470 erat
1081 426 1308 487 typicum,
1344 442 1436 486 >qua
1455 443 1551 473 rem

147 499 392 544 terrenam,
432 499 477 534 et
500 487 730 553 uisibilem:
769 491 893 554 quod
913 492 1076 555 alioqui
1106 494 1236 539 etiam
1257 496 1320 538 N.
1343 497 1399 539 T.
1421 493 1551 540 sacra-

147 565 298 601 menta
319 557 469 619 typica
487 555 656 611 forent,
689 559 731 604 in
752 556 913 621 quibus
936 571 982 605 et
1001 557 1103 623 ipsis
1126 559 1187 606 est
1209 577 1278 606 res
1299 561 1410 615 talis,
1439 572 1551 624 quae

145 624 335 671 incurrit
346 625 390 669 in
413 622 582 671 sensus:
619 625 687 670 sed
703 642 788 686 qua
809 642 917 681 rem,
936 629 1139 690 proxime
1160 644 1208 673 re
1227 638 1406 675 terrena
1425 626 1550 689 signi·

144 691 331 739 ficatam.
416 689 570 747 Quid?
611 692 732 756 quod
752 695 924 740 Paullus
946 693 1324 741 circumcisionem
1357 697 1550 760 appellat

146 756 329 817 ςοιχεῖον
355 756 417 808 vii
441 757 621 821 κόσμε,
670 761 767 806 Gal.
789 763 883 815 III,
913 778 953 819 3.
1048 763 1098 807 ld
1123 778 1288 809 nomen
1315 763 1548 826 quomodo

145 826 299 873 cadere
317 829 361 872 in
383 843 482 874 eam
504 825 665 888 posset,
702 826 733 874 si
756 826 978 876 Christum
997 832 1203 892 proxime
1231 828 1417 890 signaret
1445 848 1548 878 cum

143 893 274 941 bonis
313 893 429 940 suis?
499 897 710 959 Denique
753 896 886 942 etiam
929 895 1273 943 circumcisionis
1316 897 1547 959 neglestae

118 987 123 989 >
140 978 289 1028 poena
309 978 523 1027 corporea
545 961 626 1008 fuit
647 960 882 1009 constituta
903 965 1007 1011 Gen.
1027 963 1192 1020 XVJL
1213 982 1278 1026 ¹4·
1302 967 1438 1012 Exod.
1462 966 1547 1023 IV,

142 1046 219 1087 24.
252 1046 366 1093 quae
385 1027 589 1094 profesto
613 1046 714 1076 cum
736 1041 845 1094 typo
865 1047 1059 1094 poenae,
1075 1030 1176 1095 post
1197 1043 1392 1078 mortem
1414 1050 1546 1080 euen-

140 1106 265 1143 turae
292 1097 370 1154 his,
405 1099 483 1160 qui
502 1096 602 1150 fide,
637 1097 773 1160 qualis
792 1101 839 1144 in
861 1097 1113 1145 Abrahamo
1132 1097 1301 1155 fuisset,
1332 1111 1546 1155 carerent,

137 1164 328 1223 intelligi
350 1163 495 1210 debet.
563 1168 617 1210 In
645 1182 732 1228 quo
757 1163 819 1212 est
838 1165 1117 1229 perspicuum
1139 1177 1469 1226 argumentum3
1499 1171 1545 1215 in

138 1230 468 1278 circumcisione
508 1234 640 1278 etiam
672 1231 836 1296 duplex
865 1233 1033 1279 bonum
1072 1233 1410 1294 intelligendum
1446 1234 1544 1290 ess'e,

137 1300 348 1354 alterum,
390 1298 514 1363 quod
542 1302 586 1345 in
609 1299 693 1346 hac
714 1302 803 1346 vita
823 1302 1131 1360 contingeret²
1172 1301 1381 1357 alterum,
1421 1302 1544 1365 quod

134 1367 236 1432 post
257 1366 369 1413 hanc
390 1369 521 1413 vitam
547 1367 804 1430 speraretur.
883 1370 920 1413 E
939 1365 1094 1431 quibus
1121 1367 1328 1415 omnibus
1355 1367 1545 1417 efficitur

135 1435 248 1488 hoc,
290 1445 339 1480 vt
370 1452 440 1480 res
471 1432 671 1481 coelestis
699 1437 744 1480 in
779 1433 1112 1481 circumcisione
1138 1434 1188 1482 sit
1213 1438 1300 1483 vita
1330 1436 1543 1497 coelestis,

132 1518 217 1568 per
236 1512 381 1549 terrae
394 1505 648 1550 Cananaeae
663 1499 970 1568 possessionem
983 1502 1250 1550 adumbrata.

232 1653 307 1696 45.
366 1635 505 1693 Quod
537 1653 674 1701 porro
713 1634 767 1682 ad
803 1618 1156 1683 Sacramentum!
1174 1636 1294 1701 Agni
1326 1637 1540 1702 Pqsclmns

133 1704 313 1758 attinet,
352 1707 398 1749 in
417 1702 582 1761 verbis,
627 1703 787 1767 quibus
811 1719 859 1749 ea
881 1705 1120 1751 cerimonia
1139 1704 1352 1758 sancitur,
1396 1707 1537 1754 Exod.

132 1772 247 1820 XII.
279 1766 435 1818 diserte
457 1783 870 1818 commemorantur
889 1770 999 1826 du0,
1044 1788 1238 1835 quorum
1259 1773 1443 1820 alterum
1478 1772 1538 1820 est

130 1838 443 1895 Israelitarum,
481 1855 648 1900 agnum
674 1839 801 1885 illum
819 1839 904 1884 rite
923 1836 1123 1895 assatum,
1167 1856 1270 1887 cum
1299 1856 1413 1902 pane
1444 1857 1537 1887 non

130 1905 401 1959 fermentato
424 1914 471 1953 et
490 1908 644 1953 amaris
672 1905 1030 1952 comedentium:
1071 1906 1260 1954 alterum
1284 1909 1391 1963 Dei,
1432 1924 1535 1972 pro-

130 1975 353 2020 mittentis
383 1976 604 2040 transitum
624 1975 758 2040 angeli
780 1970 1059 2036 percuſjbris,
1099 1974 1142 2019 h.
1164 1992 1199 2020 e.
1222 1974 1492 2022 securitatem
1513 1992 1539 2021 a

130 2041 261 2107 plaga
281 2058 354 2098 ea,
387 2058 474 2105 qua
494 2045 637 2094 Deus,
673 2058 752 2106 per
774 2039 1062 2087 ministerium
1083 2043 1260 2103 Angeh,
1291 2044 1535 2106 perniciem

133 2107 341 2156 omnibus
374 2110 692 2173 primogenitis
727 2125 808 2173 per
844 2113 1110 2172 Aegyptum
1147 2109 1320 2166 intulit3
1386 2127 1411 2156 a
1443 2126 1535 2174 quo

131 2174 318 2223 transitu
341 2178 476 2224 etiam
501 2193 669 2224 nomen
689 2179 800 2223 ritus
830 2177 907 2224 ille
927 2179 1107 2244 accepit.
1182 2179 1244 2223 Ex
1265 2194 1355 2241 quo
1375 2175 1447 2232 fit,
1487 2188 1534 2223 vt

111 2261 203 2301 ‘res
222 2241 474 2302 inuisibilis,
511 2261 624 2310 quae
643 2246 845 2308 proxime
865 2241 1182 2303 significaretur
1199 2261 1246 2290 re
1266 2246 1535 2291 Sacramenti

130 2310 264 2358 huius
295 2323 488 2367 terrena,
545 2311 684 2360 fuerit
721 2311 795 2358 ille
820 2308 1022 2357 transitus
1051 2312 1196 2372 angeli
1222 2309 1533 2359 interfeaoris.

130 2378 238 2435 Sed,
283 2389 331 2426 vt
361 2378 450 2443 ipse
470 2385 628 2440 Agnus
657 2378 745 2426 fuit
772 2389 909 2442 typus
930 2377 1107 2436 Christi,
1147 2379 1256 2426 olim
1275 2377 1529 2426 occidendi:

126 2442 187 2490 si‘c
207 2444 410 2493 transitus
431 2448 505 2494 ille
525 2445 614 2494 fuit
632 2459 768 2511 typus
791 2447 1030 2494 securitatis
1052 2444 1227 2492 nostrae
1250 2457 1296 2494 et
1313 2445 1532 2492 liberatio-

129 2513 198 2558 nis
218 2529 242 2558 a
263 2525 410 2560 morte
431 2525 477 2560 et
504 2517 702 2579 pernicie
724 2526 924 2569 aeterna,
964 2528 1046 2578 per
1074 2526 1270 2560 mortem
1291 2525 1338 2560 et
1364 2513 1530 2572 sangui·

124 2595 233 2626 nem
255 2578 428 2636 Christi,
464 2583 588 2629 cuius
611 2583 743 2628 etiam
765 2587 960 2628 carne'et
979 2579 1200 2640 sanguine,
1228 2593 1324 2627 tum
1346 2582 1530 2643 proprie
1556 2620 1558 2622 .
1626 2620 1633 2626 .
1673 2605 1682 2634 ς

124 2648 172 2696 in
191 2649 230 2694 S.
250 2650 429 2697 Coenae
448 2651 751 2709 Sacramento,
779 2659 880 2702 tum
903 2646 1063 2696 assidue
1081 2647 1434 2762 ''W“ffiss‘fflffiz‘d
1449 2663 1531 2711 per

1439 2731 1525 2770 em,

1660 2750 1678 2799 ᾗ
