1682 3068
202 197 302 253 194
486 197 793 234 'vmmcnm
829 193 1085 234 auen-nu
1114 204 1295 238 mvn-1

201 310 406 360 dubitare
430 308 599 365 audeat,
632 309 755 356 hunc
773 307 938 357 aditum
959 309 1054 357 dari
1072 309 1294 360 beneficio
1313 307 1479 371 diuino,
1508 309 1608 364 non

203 379 267 428 ob
287 378 584 443 promeritum
595 377 817 442 quoddam
830 379 1002 425 virtutis
1022 381 1244 436 naturalis,
1265 378 1608 448 officiorumque

204 443 574 502 necessariorum3
595 444 1082 509 quibus'conseruandis
1103 450 1217 504 Deo,
1238 448 1360 512 quod
1379 447 1610 509 debemus,

204 513 445 570 reddimus,
483 530 579 561 non
607 514 697 560 hoc
722 513 1054 577 consequimur,
1091 526 1141 559 vt
1171 515 1214 560 se
1245 517 1608 580 conspiciendum

205 581 342 630 nobis
370 582 597 647 praebere,
627 590 677 628 vt
702 579 745 626 se
772 580 934 644 suaque
964 580 1081 627 bona
1099 579 1231 629 nobis
1254 583 1451 646 quodam
1470 585 1609 633 modo

183 669 188 672 ·
203 646 467 716 possidenda
484 666 536 696 ac
551 647 736 695 fruenda
754 647 1041 695 adinfinitum
1062 659 1242 714 tempus
1262 651 1514 699 concedere
1531 670 1611 702 co·-

206 728 350 781 gatur.
419 715 576 764 Libera
605 715 715 762 haec
743 716 856 771 sunt,
893 728 940 763 et
971 717 1015 761 in
1036 718 1274 764 voluntatis
1297 719 1470 766 diuinae
1485 719 1610 768 benib
1663 731 1666 734 “

207 787 382 847 gnitate
399 783 551 850 polita,
579 800 730 848 neque
749 784 838 831 vllo
858 782 997 831 modo
1037 802 1137 831 cum
1157 783 1314 832 officiis
1334 788 1610 836 naturalibus

208 855 467 902 cohaerent.
532 850 620 900 Sed
637 868 661 898 a
680 863 835 898 natura
862 850 1080 898 felicitatis
1097 853 1332 910 humanae,
1362 853 1612 904 bonorum-

207 921 492 988 quehomini
510 919 580 966 vel
600 918 920 981 sperandorum
939 920 1011 965 vel
1030 921 1398 984 expetendorum,
1419 938 1609 988 quomob

207 989 270 1049 do
287 998 549 1050 argumenta
568 985 776 1034 afferendi
804 988 851 1033 in
870 987 1087 1048 religione
1114 986 1426 1038 constituenda
1445 990 1611 1039 arbitrii

206 1054 348 1106 'diuini
365 1057 598 1110 ducantur,
631 1054 728 1100 satis
747 1053 946 1102 diximus.
1593 1096 1597 1102 .

315 1140 394 1174 21.
427 1127 577 1170 Locus
614 1122 744 1180 alter,
782 1121 899 1169 vnde
938 1132 1202 1187 peterentur
1229 1135 1490 1184 argumenta
1517 1127 1611 1174 vin·

185 1186 399 1240 'dIcando
433 1190 498 1237 illi
523 1188 703 1236 arbitrio
733 1190 908 1247 diuino,
952 1199 1047 1237 erat
1074 1193 1122 1237 in
1143 1189 1403 1238 conditione
1428 1203 1611 1240 naturae

209 1261 454 1308 humanaet
506 1260 582 1322 qui
612 1273 736 1304 nunc
772 1258 1038 1323 aperiendus
1065 1256 1253 1305 videtur.
1318 1262 1434 1307 Eum
1460 1270 1612 1308 autem

209 1326 507 1391 multiplicem
537 1324 642 1371 facit
669 1326 784 1371 varia
813 1326 987 1386 generis
1007 1324 1190 1372 humani
1209 1326 1424 1373 conditio.
1490 1331 1613 1375 Nam

209 1396 291 1443 alia
321 1395 560 1441 hominum
590 1390 790 1439 conditio
818 1392 904 1439 fuit
923 1402 1047 1448 mm,
1083 1406 1198 1440 cum
1212 1394 1377 1454 integri
1396 1392 1538 1444 essent
1558 1393 1612 1441 ab

204 1464 339 1511 omni
367 1462 525 1526 culpae
553 1477 606 1506 ac
634 1460 730 1507 vitii
754 1457 875 1507 labe:
909 1460 990 1506 alia
1009 1457 1110 1524 post
1128 1458 1400 1509 contr-astam
1419 1463 1614 1528 culpam,

202 1545 260 1578 >et
291 1529 536 1595 susceptam
563 1538 747 1575 naturae
773 1531 1127 1592 corruptionem.
1199 1531 1378 1591 variant
1395 1532 1527 1578 etiam
1548 1533 1613 1579 in·
1678 1528 1681 1534 ¹

211 1598 364 1646 dolem
385 1598 624 1645 hominum
643 1612 695 1643 ac
711 1606 910 1642 naturam
931 1613 1000 1641 res
1019 1605 1234 1650 externae,
1255 1612 1341 1642 nec
1359 1595 1507 1644 ssnunt
1515 1613 1614 1644 ean-

200 1666 315 1714 ·dem
338 1668 384 1712 in
405 1663 610 1712 omnibus
632 1664 703 1711 vel
722 1661 981 1709 hominibus
999 1662 1067 1708 vel
1086 1661 1293 1722 gentibus
1316 1662 1412 1712 effet
1459 1668 1522 1712 Ex
1542 1664 1612 1712 his

208 1744 358 1782 autem
377 1730 611 1792 generibus
635 1727 843 1777 omnibus
863 1726 1003 1776 existit
1022 1727 1079 1786 id,
1097 1729 1219 1793 quod
1238 1730 1532 1789 defendimus,
1551 1746 1614 1779 ar-

209 1801 398 1848 bitrium
419 1797 620 1845 diuinum
651 1797 875 1858 religionis
904 1797 1112 1845 naturalis
1131 1813 1182 1844 ac
1201 1797 1457 1846 necessariae
1477 1803 1612 1847 nouis

209 1869 401 1916 decretis
420 1864 672 1930 officiisque
691 1864 927 1926 augendae.
997 1866 1134 1920 Nam,
1163 1876 1211 1912 vt
1237 1865 1291 1912 ab
1310 1883 1371 1920 ea,
1402 1884 1513 1931 quae
1534 1882 1612 1914 uo-
1636 1888 1640 1890 ’

209 1935 293 2001 δῖε]
312 1931 596 1983 coniunffior
615 1930 691 1990 est,
726 1932 989 1979 conditione
1021 1933 1199 1993 generis
1229 1933 1412 1980 humani
1431 1935 1615 1999 incipia-

212 2021 329 2059 mus,
359 2019 453 2050 non
476 2017 698 2061 veremur,
731 2017 788 2047 ne
816 2003 916 2064 quis
945 2016 1220 2064 magnopere
1241 2000 1370 2048 nobis
1388 2011 1614 2066 repugnet

214 2074 264 2120 in
287 2088 357 2128 eo,
378 2069 503 2135 quod
521 2068 799 2116 fundamenti
819 2069 923 2115 loco
954 2069 1163 2133 ponimus
1179 2087 1188 2113 ε
1203 2070 1242 2134 fi
1257 2086 1306 2116 ea
1333 2069 1390 2132 est
1407 2069 1612 2118 hominum

213 2142 391 2189 conditio
421 2146 549 2202 atq-ue
590 2147 760 2191 natura,
789 2146 837 2183 vt
862 2154 942 2183 non
960 2137 1112 2198 poffint
1141 2138 1334 2202 religioni
1359 2139 1545 2186 naturali
1567 2154 1614 2184 ac

213 2208 468 2272 necefflxriae,
480 2209 719 2269 omninoque
729 2206 936 2251 voluntati
955 2206 1117 2251 diuinae
1132 2203 1389 2267 satigfacere,
1396 2206 1445 2270 st
1459 2206 1586 2252 velint
1597 2221 1616 2258 ;

215 2284 291 2323 aut
321 2278 383 2322 ita
394 2275 489 2340 sint
507 2274 576 2321 vel
589 2276 804 2320 erroribus
823 2275 986 2324 coecati,
1018 2274 1086 2320 vel
1101 2275 1218 2319 vitiis
1237 2274 1469 2332 deprauati,
1500 2281 1548 2319 vt
1564 2287 1615 2319 nc

206 2344 366 2405 poffint
391 2344 550 2406 quidem
559 2341 676 2404 satis
703 2340 832 2388 velle:
865 2340 989 2386 Deus
1000 2338 1155 2401 potest,
1188 2337 1479 2386 misericordia
1497 2354 1617 2386 com-

215 2421 385 2467 motus,
417 2409 542 2455 aliam
564 2411 769 2455 rationem
780 2405 854 2468 fiai
869 2407 1077 2468 placandi,
1113 2416 1155 2453 et
1159 2407 1388 2470 felicitatis
1414 2407 1521 2462 eius,
1559 2405 1614 2452 de

216 2492 304 2540 qua
323 2474 525 2531 diximus,
547 2474 838 2539 confiquendae
860 2474 1162 2537 praescribere,
1194 2472 1224 2519 si
1243 2472 1354 2518 nihil
1374 2475 1418 2518 in
1439 2490 1489 2519 ea
1506 2472 1615 2530 insit,

217 2542 341 2607 quod
367 2554 585 2599 aeternae,
601 2542 789 2589 iustitiae
817 2551 862 2587 et
892 2542 1124 2604 sapientiae
1145 2541 1243 2586 suae
1261 2540 1351 2598 legi
1377 2551 1615 2604 repugnet,

217 2621 272 2664 et,
312 2610 569 2656 conseruata
589 2610 801 2674 sapientia
823 2619 867 2655 et
885 2606 1107 2655 sanffitate
1125 2608 1207 2663 sua,
1229 2610 1484 2669 praecipere,
1511 2625 1617 2672 quae

206 2677 415 2742 faciliora
422 2678 516 2743 fiat
535 2687 577 2725 et
593 2679 863 2725 imbecillitati
879 2693 1021 2724 eorum
1043 2678 1355 2729 accommodata,
1389 2678 1615 2739 quibusque

1511 2746 1614 2789 adeo

222 2879 248 2901 Nr
