1682 3068
207 181 305 235 472
337 186 616 219 uanum-10
651 187 871 218 ‹3anch
917 189 981 219 nx
1014 188 1532 224 ῐκτιιινκετᾼτιοηι

209 291 399 342 candum
429 290 750 340 trastandarum
775 291 1044 358 peritiffimo‚
1078 293 1351 347 elaboratum
1381 292 1442 352 sit,
1475 296 1602 346 facile

207 361 399 421 intelligi
428 359 584 424 potest.
654 366 838 425 Nempe
863 361 1052 425 sequitur
1079 379 1179 409 eam
1204 365 1435 419 rationem,
1467 381 1601 427 quam

209 428 551 493 Chryffistomus,
589 429 862 477 Dieodoretus
879 440 960 478 cet.
981 431 1285 487 Melanchthon,
1315 442 1362 478 et
1380 432 1448 478 alii
1466 431 1602 481 secuti

208 495 318 552 sunt,
340 495 411 542 sed
429 495 592 545 iudicio
612 497 689 544 suo
711 507 756 544 et
773 497 921 544 modo.
950 498 1118 556 Veluti,
1135 497 1356 546 Psalmum
1367 501 1496 547 XXIL
1505 512 1602 547 non

209 574 359 612 totum
385 563 490 612 facit
511 562 669 613 Christi
692 566 829 613 vnius.
859 562 930 612 sed
951 582 1002 611 ex
1023 564 1223 629 partibus
1242 567 1310 622 iis,
1330 583 1442 630 quae
1462 570 1602 614 mani-

209 628 317 679 feste
350 633 396 678 in
419 648 522 679 eum
551 649 689 682 vnum
717 627 946 696 quadrant,
975 645 1122 680 cetera
1138 634 1300 680 Dauidi
1321 637 1599 682 communia:

208 699 344 764 plane
364 716 419 747 eo
439 697 592 754 modo,
624 717 717 764 quo
736 717 880 765 nuper
904 698 1080 750 Venema
1099 705 1153 748 V.
1175 701 1262 750 Cel.
1284 703 1356 749 cui
1376 702 1466 749 hoc
1486 719 1600 767 opus

210 783 306 813 non
330 769 538 828 ignotum
557 765 642 814 effe
661 769 871 816 coniicio:
903 779 949 816 et
970 770 1151 816 memini
1181 767 1446 832 quibusdam
1463 767 1603 818 doais

209 837 383 884 Batauis
417 835 461 882 id
492 837 751 891 memorari,
782 838 1043 883 nominatim
1062 838 1240 886 Alberto
1269 836 1324 884 ad
1342 838 1602 902 Hesychiuma

209 904 423 949 Similiter
438 903 542 952 facit
570 906 614 950 in
642 904 733 952 aliis
755 903 952 966 psalmis3
984 903 1040 952 de
1058 921 1151 966 quo
1169 914 1267 951 tum
1285 904 1503 970 praefatio·
1516 909 1604 952 Vo-

210 970 391 1018 luminis
419 971 556 1036 primi
584 989 625 1035 p.
652 988 724 1018 12.
754 981 866 1027 tum,
901 988 1010 1034 quae
1040 970 1094 1017 ad
1111 971 1328 1020 Psalmum
1358 972 1603 1021 secundum

211 1035 386 1100 scripsit,
422 1036 605 1086 videnda
624 1037 723 1085 sunt
741 1040 984 1085 accuratius
1008 1055 1103 1085 rem
1124 1039 1395 1101 cognoscere
1415 1040 1606 1087 volenti-

210 1103 310 1153 buS.
380 1107 438 1153 Et
465 1105 567 1153 sunt
593 1107 640 1152 in
674 1105 948 1168 praefatione
975 1106 1117 1153 multa
1143 1105 1260 1154 bene
1286 1107 1464 1162 monita,
1492 1123 1605 1171 quae

208 1170 412 1237 prodesse
442 1173 605 1236 possint
631 1170 747 1219 benc
774 1169 1019 1220 trassaturis
1039 1174 1240 1221 Psalmos.
1305 1177 1376 1222 De
1401 1173 1606 1223 hebraica

209 1241 358 1300 lingua
383 1242 565 1304 eiusque
585 1240 673 1294 vsu,
695 1256 827 1303 quem
848 1241 936 1305 ipse
956 1240 1129 1296 fecerit,
1152 1241 1326 1296 fatetur,
1348 1241 1392 1290 se
1411 1258 1504 1289 non
1518 1239 1604 1291 effe

210 1307 339 1357 valde
366 1306 551 1356 dostum
579 1305 797 1364 hebraice,
829 1325 993 1371 nempe
1021 1309 1077 1356 ad
1100 1309 1221 1360 illam
1241 1308 1441 1356 subtilem
1469 1312 1606 1358 ratio·

208 1391 315 1424 nem
330 1392 500 1430 eorum,
529 1378 604 1440 qui
623 1377 715 1423 eius
739 1376 780 1423 se
802 1373 1004 1426 dossores
1024 1375 1291 1439 profitentur
1309 1387 1356 1424 et
1375 1379 1606 1425 Gramma-

209 1443 349 1499 ticos3
375 1442 449 1492 sed
469 1443 591 1491 vsum
611 1441 695 1492 effe
721 1455 903 1508 apparet
929 1442 1273 1494 dofflffimorurn
1302 1446 1347 1491 in
1365 1462 1422 1492 eo
1443 1460 1607 1506 genere

211 1510 449 1560 hominum
469 1509 599 1564 libris,
619 1512 911 1575 inprimisque
929 1512 969 1559 se
982 1511 1036 1558 ad
1054 1511 1397 1572 intelligendum
1418 1515 1512 1560 eius
1524 1528 1609 1573 ge⁴

210 1580 339 1627 nium
358 1577 559 1628 adiutum
581 1577 634 1625 ab
658 1580 843 1629 Oncelica
856 1578 1133 1646 Paraphrafi,
1153 1582 1346 1643 itemque
1365 1581 1606 1628 Ionatham'·

209 1664 269 1702 ca,
299 1644 422 1696 dicit.
489 1649 547 1696 Et
566 1657 726 1699 tamen,
748 1646 1114 1709 quantumnobis
1133 1646 1325 1694 iudicare
1343 1648 1458 1702 licet,
1490 1646 1605 1694 bene

208 1716 529 1777 interpretatur
555 1713 788 1762 sententias
819 1714 1044 1761 hebraicas
1075 1724 1122 1761 et
1148 1713 1334 1777 explicat
1361 1713 1604 1778 perspicue,

209 1779 324 1830 bene
351 1780 510 1839 latine3
541 1779 661 1843 quod
693 1781 740 1827 in
761 1778 1007 1843 Parap'hrafi
1037 1778 1133 1828 fieri
1151 1777 1605 1846 commodiuspotest,

208 1864 343 1913 quam
362 1848 410 1895 in
431 1844 636 1903 versione,
656 1848 857 1910 quamuis
876 1847 1005 1894 bona.
1046 1850 1202 1911 Itaque
1221 1848 1387 1914 etipsa,
1405 1859 1452 1896 et
1471 1858 1605 1895 notae

209 1917 457 1980 plurimum
485 1914 742 1981 profuerint
762 1915 827 1968 iis,
854 1917 930 1978 qui
948 1914 1212 1974 intelligere,
1237 1932 1333 1963 non
1350 1916 1493 1980 decipi
1509 1932 1605 1965 vet-

160 1991 167 1998 *
209 1981 400 2033 fionibus
422 1991 467 2029 et
485 1980 926 2045 interpretationibus
948 1979 1328 2030 hebraeo-latinis
1347 1983 1498 2032 velint.
1522 1986 1530 1993 '⁷
1586 2006 1591 2008 ·

313 2052 404 2100 Hic
431 2047 579 2096 lubeat
610 2065 820 2113 quaerere
850 2049 908 2106 id,
934 2048 1057 2113 quod
1085 2049 1213 2113 supra
1236 2050 1427 2114 polliciti
1444 2050 1606 2106 sumus,

208 2127 256 2167 et
274 2116 327 2165 ad
346 2114 630 2167 iudicandum
650 2116 880 2178 profuerit,
900 2133 1002 2164 cum
1024 2115 1079 2163 de
1100 2117 1321 2166 veteribus
1341 2116 1606 2183 quibusdam

208 2183 540 2250 interpretibus,
559 2194 606 2231 vt
628 2185 856 2239 Theodoro,
877 2185 1180 2250 ChryfistomO,
1200 2186 1457 2234 Theodoreto
1475 2201 1606 2246 quae-

208 2255 335 2309 ritur,
364 2269 418 2300 an
441 2251 649 2299 hebraice
667 2249 787 2299 doffl
806 2251 996 2307 fuerint3
1017 2268 1118 2299 cum
1138 2261 1359 2316 appareat,
1381 2268 1459 2298 eos
1478 2251 1606 2315 saepe

209 2320 414 2371 hebraica
434 2318 552 2365 bene
572 2320 885 2380 interpretatos
906 2317 1002 2372 else,
1020 2330 1068 2367 et
1086 2319 1250 2368 sensum
1268 2321 1427 2367 melius
1446 2316 1606 2367 effecu-

209 2398 297 2443 tos,
330 2403 464 2451 quam
498 2402 610 2450 quos
633 2385 837 2433 hebraice
867 2383 1024 2433 dostos
1052 2384 1177 2434 fuiffe
1196 2384 1379 2437 constet.
1411 2424 1421 2434 ,
1443 2383 1605 2440 Credo,

208 2465 257 2502 vt
285 2454 339 2501 ab
369 2454 437 2501 his
459 2454 680 2516 incipiam,
711 2470 790 2501 eos
811 2452 880 2498 vel
903 2455 1090 2501 omnino
1112 2470 1207 2502 non
1226 2451 1412 2502 calluiffe
1432 2453 1603 2501 litteras

203 2521 454 2579 hebraicae,
468 2521 539 2567 vel
549 2517 792 2568 admodum
811 2521 1022 2578 tenuiter,
1035 2537 1119 2568 nec
1135 2522 1189 2570 ad
1203 2522 1604 2571 Grammaticorum

207 2585 435 2655 ἀκρίβειαν
456 2598 501 2634 et
513 2592 703 2651 copiam.
736 2586 988 2637 Vtebantur
1009 2599 1161 2637 autem
1173 2590 1444 2650 Origeniano
1465 2601 1605 2650 opere

205 2654 387 2718 biblico,
405 2656 700 2723 inprimisque
709 2654 890 2722 Aquilae
901 2666 946 2706 et
955 2657 1183 2724 Symmachi
1193 2653 1398 2713 versione,
1410 2670 1605 2769 quorplnln

1577 2736 1604 2768 e
