<?xml version="1.0" encoding="UTF-8"?>
<!DOCTYPE html PUBLIC "-//W3C//DTD XHTML 1.0 Transitional//EN"
    "http://www.w3.org/TR/xhtml1/DTD/xhtml1-transitional.dtd">
<html xmlns="http://www.w3.org/1999/xhtml" xml:lang="en" lang="en">
 <head>
  <title>
</title>
<meta http-equiv="Content-Type" content="text/html;charset=utf-8" />
  <meta name='ocr-system' content='tesseract 3.04.00' />
  <meta name='ocr-capabilities' content='ocr_page ocr_carea ocr_par ocr_line ocrx_word'/>
</head>
<body>
  <div class='ocr_page' id='page_1' title='image "./opusculatheologi00erneuoft_0612.png"; bbox 0 0 1650 3060; ppageno 0'>
   <div class='ocr_carea' id='block_1_1' title="bbox 167 187 1290 235">
    <p class='ocr_par' dir='ltr' id='par_1_1' title="bbox 167 187 1290 235">
     <span class='ocr_line' id='line_1_1' title="bbox 167 187 1290 235; baseline 0.001 -14"><span class='ocrx_word' id='word_1_1' title='bbox 167 187 269 235; x_wconf 82' lang='lat'>590</span> <span class='ocrx_word' id='word_1_2' title='bbox 434 189 498 219; x_wconf 68' lang='lat' dir='ltr'>na</span> <span class='ocrx_word' id='word_1_3' title='bbox 535 188 922 220; x_wconf 61' lang='lat' dir='ltr'>numantinum-z</span> <span class='ocrx_word' id='word_1_4' title='bbox 961 190 1290 222; x_wconf 62' lang='lat' dir='ltr'>senozanvm</span> 
     </span>
    </p>
   </div>
   <div class='ocr_carea' id='block_1_2' title="bbox 167 274 1575 565">
    <p class='ocr_par' dir='ltr' id='par_1_2' title="bbox 167 274 1575 565">
     <span class='ocr_line' id='line_1_2' title="bbox 168 274 1573 363; baseline 0.002 -19"><span class='ocrx_word' id='word_1_5' title='bbox 168 292 358 344; x_wconf 58' lang='lat' dir='ltr'>lectores</span> <span class='ocrx_word' id='word_1_6' title='bbox 378 294 478 343; x_wconf 88' lang='lat' dir='ltr'>suos</span> <span class='ocrx_word' id='word_1_7' title='bbox 490 292 543 342; x_wconf 89' lang='lat' dir='ltr'>ad</span> <span class='ocrx_word' id='word_1_8' title='bbox 564 312 635 342; x_wconf 85' lang='lat' dir='ltr'>res</span> <span class='ocrx_word' id='word_1_9' title='bbox 645 294 762 342; x_wconf 90' lang='lat' dir='ltr'>bene</span> <span class='ocrx_word' id='word_1_10' title='bbox 775 294 986 356; x_wconf 86' lang='lat' dir='ltr'>gerendas</span> <span class='ocrx_word' id='word_1_11' title='bbox 997 274 1105 360; x_wconf 67' lang='lat' dir='ltr'>pace</span> <span class='ocrx_word' id='word_1_12' title='bbox 1116 295 1329 362; x_wconf 86' lang='lat' dir='ltr'>belloque</span> <span class='ocrx_word' id='word_1_13' title='bbox 1341 312 1573 363; x_wconf 73' lang='lat' dir='ltr'>praepara·</span> 
     </span>
     <span class='ocr_line' id='line_1_3' title="bbox 168 362 1575 430; baseline 0.001 -19"><span class='ocrx_word' id='word_1_14' title='bbox 168 373 295 412; x_wconf 84' lang='lat' dir='ltr'>rent:</span> <span class='ocrx_word' id='word_1_15' title='bbox 318 363 432 410; x_wconf 83' lang='lat' dir='ltr'>vnde</span> <span class='ocrx_word' id='word_1_16' title='bbox 440 364 701 428; x_wconf 83' lang='lat' dir='ltr'>pragmatici</span> <span class='ocrx_word' id='word_1_17' title='bbox 715 362 819 410; x_wconf 71' lang='lat' dir='ltr'>disti</span> <span class='ocrx_word' id='word_1_18' title='bbox 831 363 941 422; x_wconf 89' lang='lat' dir='ltr'>sunt,</span> <span class='ocrx_word' id='word_1_19' title='bbox 951 365 1075 412; x_wconf 80' lang='lat' dir='ltr'>velut</span> <span class='ocrx_word' id='word_1_20' title='bbox 1083 364 1390 428; x_wconf 83' lang='lat' dir='ltr'>Thucydides,</span> <span class='ocrx_word' id='word_1_21' title='bbox 1401 367 1476 429; x_wconf 87' lang='lat' dir='ltr'>qui</span> <span class='ocrx_word' id='word_1_22' title='bbox 1488 367 1575 430; x_wconf 85' lang='lat' dir='ltr'>pri-</span> 
     </span>
     <span class='ocr_line' id='line_1_4' title="bbox 167 428 1572 498; baseline 0.001 -18"><span class='ocrx_word' id='word_1_23' title='bbox 167 446 273 480; x_wconf 87' lang='lat' dir='ltr'>mus</span> <span class='ocrx_word' id='word_1_24' title='bbox 293 428 499 478; x_wconf 89' lang='lat' dir='ltr'>historiae</span> <span class='ocrx_word' id='word_1_25' title='bbox 528 433 826 495; x_wconf 83' lang='lat' dir='ltr'>pragmaticae</span> <span class='ocrx_word' id='word_1_26' title='bbox 854 432 1103 496; x_wconf 89' lang='lat' dir='ltr'>exemplum</span> <span class='ocrx_word' id='word_1_27' title='bbox 1139 433 1376 498; x_wconf 79' lang='lat' dir='ltr'>proposuit</span> <span class='ocrx_word' id='word_1_28' title='bbox 1386 469 1396 488; x_wconf 98' lang='lat'>,</span> <span class='ocrx_word' id='word_1_29' title='bbox 1426 435 1572 481; x_wconf 84' lang='lat' dir='ltr'>Xeno-</span> 
     </span>
     <span class='ocr_line' id='line_1_5' title="bbox 168 498 1572 565; baseline 0.001 -19"><span class='ocrx_word' id='word_1_30' title='bbox 168 500 312 565; x_wconf 87' lang='lat' dir='ltr'>phon,</span> <span class='ocrx_word' id='word_1_31' title='bbox 336 498 564 563; x_wconf 76' lang='lat' dir='ltr'>Polybius,</span> <span class='ocrx_word' id='word_1_32' title='bbox 585 500 755 555; x_wconf 87' lang='lat' dir='ltr'>Liuius,</span> <span class='ocrx_word' id='word_1_33' title='bbox 769 501 955 547; x_wconf 83' lang='lat' dir='ltr'>Tacitus</span> <span class='ocrx_word' id='word_1_34' title='bbox 966 511 1013 546; x_wconf 89' lang='lat' dir='ltr'>et</span> <span class='ocrx_word' id='word_1_35' title='bbox 1033 500 1114 546; x_wconf 89' lang='lat' dir='ltr'>alii.</span> <span class='ocrx_word' id='word_1_36' title='bbox 1150 498 1237 546; x_wconf 87' lang='lat' dir='ltr'>Sed</span> <span class='ocrx_word' id='word_1_37' title='bbox 1249 501 1347 564; x_wconf 89' lang='lat' dir='ltr'>quis</span> <span class='ocrx_word' id='word_1_38' title='bbox 1358 499 1442 546; x_wconf 93' lang='lat' dir='ltr'>hos</span> <span class='ocrx_word' id='word_1_39' title='bbox 1455 500 1572 547; x_wconf 85' lang='lat' dir='ltr'>bene</span> 
     </span>
    </p>
   </div>
   <div class='ocr_carea' id='block_1_3' title="bbox 171 564 1650 631">
    <p class='ocr_par' dir='ltr' id='par_1_3' title="bbox 171 564 1650 631">
     <span class='ocr_line' id='line_1_6' title="bbox 171 564 1650 631; baseline -0.001 -15"><span class='ocrx_word' id='word_1_40' title='bbox 171 577 219 616; x_wconf 80' lang='lat' dir='ltr'>et</span> <span class='ocrx_word' id='word_1_41' title='bbox 230 583 334 614; x_wconf 88' lang='lat' dir='ltr'>cum</span> <span class='ocrx_word' id='word_1_42' title='bbox 346 565 493 614; x_wconf 71' lang='lat' dir='ltr'>fruElu</span> <span class='ocrx_word' id='word_1_43' title='bbox 506 567 656 627; x_wconf 85' lang='lat' dir='ltr'>legere</span> <span class='ocrx_word' id='word_1_44' title='bbox 667 564 821 631; x_wconf 85' lang='lat' dir='ltr'>potest,</span> <span class='ocrx_word' id='word_1_45' title='bbox 831 565 861 612; x_wconf 79' lang='lat' dir='ltr'>si</span> <span class='ocrx_word' id='word_1_46' title='bbox 882 567 1058 629; x_wconf 78' lang='lat' dir='ltr'>linguae</span> <span class='ocrx_word' id='word_1_47' title='bbox 1068 583 1252 628; x_wconf 81' lang='lat' dir='ltr'>graecae</span> <span class='ocrx_word' id='word_1_48' title='bbox 1260 578 1308 614; x_wconf 87' lang='lat' dir='ltr'>et</span> <span class='ocrx_word' id='word_1_49' title='bbox 1326 567 1487 614; x_wconf 81' lang='lat' dir='ltr'>latinae</span> <span class='ocrx_word' id='word_1_50' title='bbox 1499 567 1574 614; x_wconf 81' lang='lat' dir='ltr'>sci·</span> <span class='ocrx_word' id='word_1_51' title='bbox 1648 599 1650 603; x_wconf 92' lang='lat'>-</span> 
     </span>
    </p>
   </div>
   <div class='ocr_carea' id='block_1_4' title="bbox 168 633 1650 1849">
    <p class='ocr_par' dir='ltr' id='par_1_4' title="bbox 168 633 1650 1307">
     <span class='ocr_line' id='line_1_7' title="bbox 171 633 1650 698; baseline 0 -17"><span class='ocrx_word' id='word_1_52' title='bbox 171 636 292 682; x_wconf 86' lang='lat' dir='ltr'>entia</span> <span class='ocrx_word' id='word_1_53' title='bbox 301 644 502 681; x_wconf 87' lang='lat' dir='ltr'>accurata</span> <span class='ocrx_word' id='word_1_54' title='bbox 511 644 668 683; x_wconf 87' lang='lat' dir='ltr'>careat.</span> <span class='ocrx_word' id='word_1_55' title='bbox 695 640 844 698; x_wconf 83' lang='lat' dir='ltr'>Atque</span> <span class='ocrx_word' id='word_1_56' title='bbox 854 633 948 681; x_wconf 88' lang='lat' dir='ltr'>satis</span> <span class='ocrx_word' id='word_1_57' title='bbox 961 633 1142 688; x_wconf 88' lang='lat' dir='ltr'>constat,</span> <span class='ocrx_word' id='word_1_58' title='bbox 1157 635 1303 682; x_wconf 90' lang='lat' dir='ltr'>seculo</span> <span class='ocrx_word' id='word_1_59' title='bbox 1314 634 1574 688; x_wconf 84' lang='lat' dir='ltr'>Lutheri‚et</span> <span class='ocrx_word' id='word_1_60' title='bbox 1647 689 1650 696; x_wconf 33' lang='grc' dir='ltr'>Ι</span> 
     </span>
     <span class='ocr_line' id='line_1_8' title="bbox 168 699 1650 769; baseline 0 -20"><span class='ocrx_word' id='word_1_61' title='bbox 168 703 320 769; x_wconf 86' lang='lat' dir='ltr'>paullo</span> <span class='ocrx_word' id='word_1_62' title='bbox 343 701 443 767; x_wconf 91' lang='lat' dir='ltr'>post</span> <span class='ocrx_word' id='word_1_63' title='bbox 461 699 586 748; x_wconf 79' lang='lat' dir='ltr'>fuisse</span> <span class='ocrx_word' id='word_1_64' title='bbox 606 704 724 749; x_wconf 82' lang='lat' dir='ltr'>viros</span> <span class='ocrx_word' id='word_1_65' title='bbox 740 699 995 766; x_wconf 66' lang='lat' dir='ltr'>doaos,qui</span> <span class='ocrx_word' id='word_1_66' title='bbox 1015 704 1059 748; x_wconf 91' lang='lat' dir='ltr'>in</span> <span class='ocrx_word' id='word_1_67' title='bbox 1073 702 1163 748; x_wconf 91' lang='lat' dir='ltr'>hoc</span> <span class='ocrx_word' id='word_1_68' title='bbox 1172 718 1336 763; x_wconf 88' lang='lat' dir='ltr'>genere</span> <span class='ocrx_word' id='word_1_69' title='bbox 1346 702 1573 749; x_wconf 85' lang='lat' dir='ltr'>literarum</span> <span class='ocrx_word' id='word_1_70' title='bbox 1648 756 1650 759; x_wconf 23' lang='lat'>¹</span> 
     </span>
     <span class='ocr_line' id='line_1_9' title="bbox 170 769 1572 834; baseline -0.001 -17"><span class='ocrx_word' id='word_1_71' title='bbox 170 770 450 826; x_wconf 82' lang='lat' dir='ltr'>excellerent,</span> <span class='ocrx_word' id='word_1_72' title='bbox 461 772 505 816; x_wconf 90' lang='lat' dir='ltr'>in</span> <span class='ocrx_word' id='word_1_73' title='bbox 519 771 587 817; x_wconf 79' lang='lat' dir='ltr'>his</span> <span class='ocrx_word' id='word_1_74' title='bbox 598 771 744 834; x_wconf 78' lang='lat' dir='ltr'>primo</span> <span class='ocrx_word' id='word_1_75' title='bbox 760 770 999 832; x_wconf 78' lang='lat' dir='ltr'>Philippum</span> <span class='ocrx_word' id='word_1_76' title='bbox 1013 771 1365 818; x_wconf 79' lang='lat' dir='ltr'>Melanchthonem</span> <span class='ocrx_word' id='word_1_77' title='bbox 1376 780 1423 816; x_wconf 91' lang='lat' dir='ltr'>et</span> <span class='ocrx_word' id='word_1_78' title='bbox 1432 769 1572 816; x_wconf 74' lang='grc' dir='ltr'>[σαι-11.</span> 
     </span>
     <span class='ocr_line' id='line_1_10' title="bbox 173 835 1573 901; baseline -0.003 -14"><span class='ocrx_word' id='word_1_79' title='bbox 173 838 475 893; x_wconf 83' lang='lat' dir='ltr'>Camerarium‚</span> <span class='ocrx_word' id='word_1_80' title='bbox 486 849 534 885; x_wconf 89' lang='lat' dir='ltr'>vt</span> <span class='ocrx_word' id='word_1_81' title='bbox 552 840 690 884; x_wconf 90' lang='lat' dir='ltr'>etiam</span> <span class='ocrx_word' id='word_1_82' title='bbox 700 837 823 901; x_wconf 88' lang='lat' dir='ltr'>saepe</span> <span class='ocrx_word' id='word_1_83' title='bbox 842 854 865 883; x_wconf 91' lang='lat' dir='ltr'>a</span> <span class='ocrx_word' id='word_1_84' title='bbox 882 835 1421 901; x_wconf 83' lang='lat' dir='ltr'>Principibus,Philippus</span> <span class='ocrx_word' id='word_1_85' title='bbox 1434 837 1573 900; x_wconf 87' lang='lat' dir='ltr'>inpri-</span> 
     </span>
     <span class='ocr_line' id='line_1_11' title="bbox 169 902 1573 968; baseline -0.004 -13"><span class='ocrx_word' id='word_1_86' title='bbox 169 907 260 955; x_wconf 88' lang='lat' dir='ltr'>mis</span> <span class='ocrx_word' id='word_1_87' title='bbox 270 903 323 953; x_wconf 82' lang='lat' dir='ltr'>ab</span> <span class='ocrx_word' id='word_1_88' title='bbox 333 903 531 966; x_wconf 86' lang='lat' dir='ltr'>Augusto</span> <span class='ocrx_word' id='word_1_89' title='bbox 548 902 764 960; x_wconf 72' lang='lat' dir='ltr'>Elestore,</span> <span class='ocrx_word' id='word_1_90' title='bbox 774 907 819 950; x_wconf 88' lang='lat' dir='ltr'>in</span> <span class='ocrx_word' id='word_1_91' title='bbox 837 904 967 951; x_wconf 85' lang='lat' dir='ltr'>rebus</span> <span class='ocrx_word' id='word_1_92' title='bbox 980 906 1175 952; x_wconf 84' lang='lat' dir='ltr'>maximis</span> <span class='ocrx_word' id='word_1_93' title='bbox 1183 905 1236 951; x_wconf 88' lang='lat' dir='ltr'>ad</span> <span class='ocrx_word' id='word_1_94' title='bbox 1249 903 1573 968; x_wconf 87' lang='lat' dir='ltr'>rempublicam</span> 
     </span>
     <span class='ocr_line' id='line_1_12' title="bbox 169 968 1573 1040; baseline -0.003 -20"><span class='ocrx_word' id='word_1_95' title='bbox 169 972 503 1040; x_wconf 87' lang='lat' dir='ltr'>pertinentibus</span> <span class='ocrx_word' id='word_1_96' title='bbox 525 973 871 1028; x_wconf 84' lang='lat' dir='ltr'>consulerentur,</span> <span class='ocrx_word' id='word_1_97' title='bbox 893 982 942 1018; x_wconf 88' lang='lat' dir='ltr'>et</span> <span class='ocrx_word' id='word_1_98' title='bbox 960 971 1014 1018; x_wconf 87' lang='lat' dir='ltr'>ab</span> <span class='ocrx_word' id='word_1_99' title='bbox 1033 973 1084 1018; x_wconf 88' lang='lat' dir='ltr'>iis</span> <span class='ocrx_word' id='word_1_100' title='bbox 1103 969 1276 1018; x_wconf 84' lang='lat' dir='ltr'>laudem</span> <span class='ocrx_word' id='word_1_101' title='bbox 1293 968 1573 1036; x_wconf 76' lang='lat' dir='ltr'>prudentissi·</span> 
     </span>
     <span class='ocr_line' id='line_1_13' title="bbox 168 1037 1574 1101; baseline -0.004 -11"><span class='ocrx_word' id='word_1_102' title='bbox 168 1058 351 1090; x_wconf 83' lang='lat' dir='ltr'>morum</span> <span class='ocrx_word' id='word_1_103' title='bbox 362 1037 644 1087; x_wconf 76' lang='lat' dir='ltr'>consiliorum</span> <span class='ocrx_word' id='word_1_104' title='bbox 657 1039 839 1093; x_wconf 90' lang='lat' dir='ltr'>ferrent,</span> <span class='ocrx_word' id='word_1_105' title='bbox 851 1054 952 1085; x_wconf 88' lang='lat' dir='ltr'>cum</span> <span class='ocrx_word' id='word_1_106' title='bbox 971 1055 1130 1100; x_wconf 87' lang='lat' dir='ltr'>magna</span> <span class='ocrx_word' id='word_1_107' title='bbox 1140 1037 1304 1085; x_wconf 75' lang='lat' dir='ltr'>inuidia</span> <span class='ocrx_word' id='word_1_108' title='bbox 1316 1055 1484 1094; x_wconf 86' lang='lat' dir='ltr'>eorum,</span> <span class='ocrx_word' id='word_1_109' title='bbox 1497 1039 1574 1101; x_wconf 85' lang='lat' dir='ltr'>qui</span> 
     </span>
     <span class='ocr_line' id='line_1_14' title="bbox 169 1102 1574 1176; baseline -0.004 -20"><span class='ocrx_word' id='word_1_110' title='bbox 169 1109 354 1176; x_wconf 86' lang='lat' dir='ltr'>proprie</span> <span class='ocrx_word' id='word_1_111' title='bbox 374 1111 421 1154; x_wconf 86' lang='lat' dir='ltr'>in</span> <span class='ocrx_word' id='word_1_112' title='bbox 441 1108 667 1172; x_wconf 85' lang='lat' dir='ltr'>republica</span> <span class='ocrx_word' id='word_1_113' title='bbox 687 1104 1023 1154; x_wconf 88' lang='lat' dir='ltr'>administranda</span> <span class='ocrx_word' id='word_1_114' title='bbox 1040 1106 1325 1159; x_wconf 88' lang='lat' dir='ltr'>versarentur,</span> <span class='ocrx_word' id='word_1_115' title='bbox 1343 1102 1507 1169; x_wconf 86' lang='lat' dir='ltr'>fibique</span> <span class='ocrx_word' id='word_1_116' title='bbox 1526 1115 1574 1151; x_wconf 90' lang='lat' dir='ltr'>et</span> 
     </span>
     <span class='ocr_line' id='line_1_15' title="bbox 171 1169 1572 1239; baseline -0.003 -16"><span class='ocrx_word' id='word_1_117' title='bbox 171 1175 375 1239; x_wconf 84' lang='lat' dir='ltr'>dignitati</span> <span class='ocrx_word' id='word_1_118' title='bbox 387 1176 485 1222; x_wconf 91' lang='lat' dir='ltr'>suae</span> <span class='ocrx_word' id='word_1_119' title='bbox 508 1184 556 1221; x_wconf 89' lang='lat' dir='ltr'>et</span> <span class='ocrx_word' id='word_1_120' title='bbox 576 1175 720 1223; x_wconf 87' lang='lat' dir='ltr'>ordini</span> <span class='ocrx_word' id='word_1_121' title='bbox 737 1173 813 1221; x_wconf 91' lang='lat' dir='ltr'>suo</span> <span class='ocrx_word' id='word_1_122' title='bbox 834 1171 1015 1221; x_wconf 84' lang='lat' dir='ltr'>officere</span> <span class='ocrx_word' id='word_1_123' title='bbox 1037 1171 1266 1239; x_wconf 88' lang='lat' dir='ltr'>putabant,</span> <span class='ocrx_word' id='word_1_124' title='bbox 1296 1169 1329 1219; x_wconf 83' lang='lat' dir='ltr'>fi</span> <span class='ocrx_word' id='word_1_125' title='bbox 1351 1170 1572 1236; x_wconf 21' lang='lat' dir='ltr'>*magistris</span> 
     </span>
     <span class='ocr_line' id='line_1_16' title="bbox 171 1241 969 1307; baseline -0.005 -16"><span class='ocrx_word' id='word_1_126' title='bbox 171 1245 339 1307; x_wconf 80' lang='lat' dir='ltr'>graecis</span> <span class='ocrx_word' id='word_1_127' title='bbox 358 1253 404 1290; x_wconf 89' lang='lat' dir='ltr'>et</span> <span class='ocrx_word' id='word_1_128' title='bbox 422 1244 562 1290; x_wconf 86' lang='lat' dir='ltr'>latinis</span> <span class='ocrx_word' id='word_1_129' title='bbox 583 1243 674 1290; x_wconf 88' lang='lat' dir='ltr'>hoc</span> <span class='ocrx_word' id='word_1_130' title='bbox 691 1241 969 1290; x_wconf 88' lang='lat' dir='ltr'>tribueretur.</span> 
     </span>
    </p>

    <p class='ocr_par' dir='ltr' id='par_1_5' title="bbox 168 1307 1630 1849">
     <span class='ocr_line' id='line_1_17' title="bbox 188 1307 1573 1376; baseline -0.003 -18"><span class='ocrx_word' id='word_1_131' title='bbox 188 1323 195 1348; x_wconf 61' lang='lat'>³</span> <span class='ocrx_word' id='word_1_132' title='bbox 279 1310 418 1368; x_wconf 90' lang='lat' dir='ltr'>Quod</span> <span class='ocrx_word' id='word_1_133' title='bbox 430 1307 461 1357; x_wconf 87' lang='lat' dir='ltr'>si</span> <span class='ocrx_word' id='word_1_134' title='bbox 481 1328 545 1368; x_wconf 90' lang='lat' dir='ltr'>ea,</span> <span class='ocrx_word' id='word_1_135' title='bbox 556 1328 667 1376; x_wconf 91' lang='lat' dir='ltr'>quae</span> <span class='ocrx_word' id='word_1_136' title='bbox 678 1311 899 1358; x_wconf 88' lang='lat' dir='ltr'>Lutherus</span> <span class='ocrx_word' id='word_1_137' title='bbox 918 1307 1285 1357; x_wconf 78' lang='lat' dir='ltr'>commendandis</span> <span class='ocrx_word' id='word_1_138' title='bbox 1298 1307 1436 1355; x_wconf 85' lang='lat' dir='ltr'>literis</span> <span class='ocrx_word' id='word_1_139' title='bbox 1450 1323 1573 1369; x_wconf 84' lang='lat' dir='ltr'>grae-</span> 
     </span>
     <span class='ocr_line' id='line_1_18' title="bbox 172 1374 1572 1442; baseline -0.006 -14"><span class='ocrx_word' id='word_1_140' title='bbox 172 1382 235 1428; x_wconf 78' lang='lat' dir='ltr'>cis</span> <span class='ocrx_word' id='word_1_141' title='bbox 248 1390 295 1429; x_wconf 86' lang='lat' dir='ltr'>et</span> <span class='ocrx_word' id='word_1_142' title='bbox 305 1380 379 1426; x_wconf 88' lang='lat' dir='ltr'>lati</span> <span class='ocrx_word' id='word_1_143' title='bbox 385 1380 468 1434; x_wconf 74' lang='grc' dir='ltr'>ηἱε,</span> <span class='ocrx_word' id='word_1_144' title='bbox 479 1389 524 1425; x_wconf 89' lang='lat' dir='ltr'>et</span> <span class='ocrx_word' id='word_1_145' title='bbox 535 1390 737 1426; x_wconf 87' lang='lat' dir='ltr'>veterum</span> <span class='ocrx_word' id='word_1_146' title='bbox 748 1379 999 1440; x_wconf 87' lang='lat' dir='ltr'>linguarum</span> <span class='ocrx_word' id='word_1_147' title='bbox 1009 1374 1154 1424; x_wconf 87' lang='lat' dir='ltr'>studiis</span> <span class='ocrx_word' id='word_1_148' title='bbox 1166 1374 1341 1442; x_wconf 82' lang='lat' dir='ltr'>scripsit,</span> <span class='ocrx_word' id='word_1_149' title='bbox 1349 1391 1452 1422; x_wconf 83' lang='lat' dir='ltr'>vera</span> <span class='ocrx_word' id='word_1_150' title='bbox 1460 1374 1572 1430; x_wconf 88' lang='lat' dir='ltr'>sunt,</span> 
     </span>
     <span class='ocr_line' id='line_1_19' title="bbox 171 1441 1576 1509; baseline -0.006 -13"><span class='ocrx_word' id='word_1_151' title='bbox 171 1447 387 1499; x_wconf 83' lang='lat' dir='ltr'>habuitne</span> <span class='ocrx_word' id='word_1_152' title='bbox 408 1447 480 1494; x_wconf 86' lang='lat' dir='ltr'>illa</span> <span class='ocrx_word' id='word_1_153' title='bbox 502 1449 594 1494; x_wconf 87' lang='lat' dir='ltr'>eius</span> <span class='ocrx_word' id='word_1_154' title='bbox 614 1443 792 1509; x_wconf 87' lang='lat' dir='ltr'>epistola</span> <span class='ocrx_word' id='word_1_155' title='bbox 805 1447 919 1492; x_wconf 79' lang='lat' dir='ltr'>hanc</span> <span class='ocrx_word' id='word_1_156' title='bbox 929 1447 1020 1494; x_wconf 82' lang='lat' dir='ltr'>vim</span> <span class='ocrx_word' id='word_1_157' title='bbox 1038 1443 1156 1508; x_wconf 90' lang='lat' dir='ltr'>apud</span> <span class='ocrx_word' id='word_1_158' title='bbox 1169 1441 1452 1505; x_wconf 85' lang='lat' dir='ltr'>Magistratus</span> <span class='ocrx_word' id='word_1_159' title='bbox 1463 1444 1576 1490; x_wconf 86' lang='lat' dir='ltr'>Ger-</span> 
     </span>
     <span class='ocr_line' id='line_1_20' title="bbox 170 1508 1574 1578; baseline -0.006 -15"><span class='ocrx_word' id='word_1_160' title='bbox 170 1517 356 1571; x_wconf 83' lang='lat' dir='ltr'>maniae,</span> <span class='ocrx_word' id='word_1_161' title='bbox 374 1531 506 1578; x_wconf 87' lang='lat' dir='ltr'>quam</span> <span class='ocrx_word' id='word_1_162' title='bbox 529 1512 730 1571; x_wconf 87' lang='lat' dir='ltr'>debebat,</span> <span class='ocrx_word' id='word_1_163' title='bbox 743 1514 1056 1577; x_wconf 86' lang='lat' dir='ltr'>Lutherusque</span> <span class='ocrx_word' id='word_1_164' title='bbox 1075 1510 1303 1577; x_wconf 82' lang='lat' dir='ltr'>sperabat?</span> <span class='ocrx_word' id='word_1_165' title='bbox 1323 1509 1498 1570; x_wconf 85' lang='lat' dir='ltr'>Habuit</span> <span class='ocrx_word' id='word_1_166' title='bbox 1515 1508 1574 1556; x_wconf 87' lang='lat' dir='ltr'>sa·</span> 
     </span>
     <span class='ocr_line' id='line_1_21' title="bbox 170 1576 1575 1643; baseline -0.006 -12"><span class='ocrx_word' id='word_1_167' title='bbox 170 1601 255 1641; x_wconf 81' lang='lat' dir='ltr'>ne3</span> <span class='ocrx_word' id='word_1_168' title='bbox 279 1582 486 1630; x_wconf 89' lang='lat' dir='ltr'>omnibus</span> <span class='ocrx_word' id='word_1_169' title='bbox 508 1583 554 1628; x_wconf 91' lang='lat' dir='ltr'>in</span> <span class='ocrx_word' id='word_1_170' title='bbox 573 1581 754 1630; x_wconf 86' lang='lat' dir='ltr'>vrbibus</span> <span class='ocrx_word' id='word_1_171' title='bbox 772 1584 892 1629; x_wconf 87' lang='lat' dir='ltr'>enim</span> <span class='ocrx_word' id='word_1_172' title='bbox 913 1580 966 1628; x_wconf 92' lang='lat' dir='ltr'>ab</span> <span class='ocrx_word' id='word_1_173' title='bbox 987 1597 1043 1627; x_wconf 89' lang='lat' dir='ltr'>eo</span> <span class='ocrx_word' id='word_1_174' title='bbox 1062 1578 1377 1643; x_wconf 89' lang='lat' dir='ltr'>indetempore</span> <span class='ocrx_word' id='word_1_175' title='bbox 1386 1576 1575 1630; x_wconf 83' lang='lat' dir='ltr'>scholae,</span> 
     </span>
     <span class='ocr_line' id='line_1_22' title="bbox 170 1642 1575 1716; baseline -0.007 -18"><span class='ocrx_word' id='word_1_176' title='bbox 170 1651 327 1716; x_wconf 81' lang='lat' dir='ltr'>quales</span> <span class='ocrx_word' id='word_1_177' title='bbox 339 1650 527 1706; x_wconf 86' lang='lat' dir='ltr'>volebat,</span> <span class='ocrx_word' id='word_1_178' title='bbox 537 1649 759 1697; x_wconf 83' lang='lat' dir='ltr'>institutae</span> <span class='ocrx_word' id='word_1_179' title='bbox 772 1649 884 1704; x_wconf 90' lang='lat' dir='ltr'>sunt,</span> <span class='ocrx_word' id='word_1_180' title='bbox 897 1660 943 1696; x_wconf 91' lang='lat' dir='ltr'>et</span> <span class='ocrx_word' id='word_1_181' title='bbox 952 1647 1081 1695; x_wconf 89' lang='lat' dir='ltr'>bonis</span> <span class='ocrx_word' id='word_1_182' title='bbox 1093 1644 1411 1708; x_wconf 86' lang='lat' dir='ltr'>magistris,fere</span> <span class='ocrx_word' id='word_1_183' title='bbox 1421 1661 1446 1690; x_wconf 90' lang='lat' dir='ltr'>e</span> <span class='ocrx_word' id='word_1_184' title='bbox 1456 1642 1525 1689; x_wconf 88' lang='lat' dir='ltr'>dis</span> <span class='ocrx_word' id='word_1_185' title='bbox 1518 1645 1575 1689; x_wconf 87' lang='lat' dir='ltr'>ci·</span> 
     </span>
     <span class='ocr_line' id='line_1_23' title="bbox 169 1710 1630 1784; baseline -0.008 -18"><span class='ocrx_word' id='word_1_186' title='bbox 169 1719 292 1784; x_wconf 77' lang='lat' dir='ltr'>plina</span> <span class='ocrx_word' id='word_1_187' title='bbox 317 1719 647 1766; x_wconf 75' lang='lat' dir='ltr'>Melanchtlzonis</span> <span class='ocrx_word' id='word_1_188' title='bbox 665 1729 711 1764; x_wconf 91' lang='lat' dir='ltr'>et</span> <span class='ocrx_word' id='word_1_189' title='bbox 733 1718 984 1774; x_wconf 82' lang='lat' dir='ltr'>Camerarii,</span> <span class='ocrx_word' id='word_1_190' title='bbox 1002 1714 1222 1775; x_wconf 85' lang='lat' dir='ltr'>regendae</span> <span class='ocrx_word' id='word_1_191' title='bbox 1239 1710 1436 1766; x_wconf 84' lang='lat' dir='ltr'>traditae,</span> <span class='ocrx_word' id='word_1_192' title='bbox 1456 1710 1574 1756; x_wconf 89' lang='lat' dir='ltr'>vnde</span> <span class='ocrx_word' id='word_1_193' title='bbox 1628 1757 1630 1763; x_wconf 20' lang='grc' dir='ltr'><strong>Α</strong></span> 
     </span>
     <span class='ocr_line' id='line_1_24' title="bbox 168 1779 1572 1849; baseline -0.008 -15"><span class='ocrx_word' id='word_1_194' title='bbox 168 1785 436 1835; x_wconf 72' lang='lat' dir='ltr'>&#39;literaeillae</span> <span class='ocrx_word' id='word_1_195' title='bbox 455 1794 701 1849; x_wconf 88' lang='lat' dir='ltr'>coeperunt</span> <span class='ocrx_word' id='word_1_196' title='bbox 719 1785 908 1831; x_wconf 80' lang='lat' dir='ltr'>feliciter</span> <span class='ocrx_word' id='word_1_197' title='bbox 927 1799 1007 1848; x_wconf 89' lang='lat' dir='ltr'>per</span> <span class='ocrx_word' id='word_1_198' title='bbox 1020 1783 1302 1830; x_wconf 83' lang='lat' dir='ltr'>Germaniam</span> <span class='ocrx_word' id='word_1_199' title='bbox 1313 1790 1360 1825; x_wconf 89' lang='lat' dir='ltr'>et</span> <span class='ocrx_word' id='word_1_200' title='bbox 1372 1779 1572 1842; x_wconf 78' lang='lat' dir='ltr'>inprimis</span> 
     </span>
    </p>
   </div>
   <div class='ocr_carea' id='block_1_5' title="bbox 1589 0 1650 1900">
    <p class='ocr_par' dir='ltr' id='par_1_6' title="bbox 1589 0 1650 1900">
     <span class='ocr_line' id='line_1_25' title="bbox 1589 0 1650 1900; baseline 0 0"><span class='ocrx_word' id='word_1_201' title='bbox 1589 0 1650 1900; x_wconf 95' lang='lat' dir='ltr'> </span> 
     </span>
    </p>
   </div>
   <div class='ocr_carea' id='block_1_6' title="bbox 169 1846 1650 1914">
    <p class='ocr_par' dir='ltr' id='par_1_7' title="bbox 169 1846 1650 1914">
     <span class='ocr_line' id='line_1_26' title="bbox 169 1846 1650 1914; baseline -0.008 -11"><span class='ocrx_word' id='word_1_202' title='bbox 169 1855 243 1903; x_wconf 82' lang='lat' dir='ltr'>his</span> <span class='ocrx_word' id='word_1_203' title='bbox 253 1851 414 1900; x_wconf 83' lang='lat' dir='ltr'>nostris</span> <span class='ocrx_word' id='word_1_204' title='bbox 434 1854 480 1899; x_wconf 93' lang='lat' dir='ltr'>in</span> <span class='ocrx_word' id='word_1_205' title='bbox 501 1855 629 1899; x_wconf 86' lang='lat' dir='ltr'>terris</span> <span class='ocrx_word' id='word_1_206' title='bbox 641 1850 937 1907; x_wconf 83' lang='lat' dir='ltr'>efflorescere3</span> <span class='ocrx_word' id='word_1_207' title='bbox 955 1867 1098 1914; x_wconf 80' lang='lat' dir='ltr'>eaque</span> <span class='ocrx_word' id='word_1_208' title='bbox 1114 1848 1296 1896; x_wconf 85' lang='lat' dir='ltr'>felicitas</span> <span class='ocrx_word' id='word_1_209' title='bbox 1309 1846 1575 1894; x_wconf 83' lang='lat' dir='ltr'>Germaniae</span> <span class='ocrx_word' id='word_1_210' title='bbox 1646 1899 1650 1902; x_wconf 73' lang='lat'>‚</span> 
     </span>
    </p>
   </div>
   <div class='ocr_carea' id='block_1_7' title="bbox 170 1913 1638 2257">
    <p class='ocr_par' dir='ltr' id='par_1_8' title="bbox 170 1913 1638 2257">
     <span class='ocr_line' id='line_1_27' title="bbox 170 1913 1577 1989; baseline -0.009 -20"><span class='ocrx_word' id='word_1_211' title='bbox 170 1931 413 1989; x_wconf 83' lang='lat' dir='ltr'>pertotum</span> <span class='ocrx_word' id='word_1_212' title='bbox 424 1920 531 1968; x_wconf 86' lang='lat' dir='ltr'>illud</span> <span class='ocrx_word' id='word_1_213' title='bbox 543 1920 736 1967; x_wconf 84' lang='lat' dir='ltr'>seculum</span> <span class='ocrx_word' id='word_1_214' title='bbox 758 1918 944 1972; x_wconf 85' lang='lat' dir='ltr'>durauit,</span> <span class='ocrx_word' id='word_1_215' title='bbox 954 1928 1087 1982; x_wconf 88' lang='lat' dir='ltr'>atque</span> <span class='ocrx_word' id='word_1_216' title='bbox 1098 1917 1207 1963; x_wconf 88' lang='lat' dir='ltr'>hinc</span> <span class='ocrx_word' id='word_1_217' title='bbox 1216 1917 1347 1962; x_wconf 86' lang='lat' dir='ltr'>etiam</span> <span class='ocrx_word' id='word_1_218' title='bbox 1361 1929 1463 1960; x_wconf 87' lang='lat' dir='ltr'>cum</span> <span class='ocrx_word' id='word_1_219' title='bbox 1477 1913 1577 1959; x_wconf 85' lang='lat' dir='ltr'>vici-</span> 
     </span>
     <span class='ocr_line' id='line_1_28' title="bbox 171 1976 1577 2050; baseline -0.009 -12"><span class='ocrx_word' id='word_1_220' title='bbox 171 1992 243 2039; x_wconf 88' lang='lat' dir='ltr'>nis</span> <span class='ocrx_word' id='word_1_221' title='bbox 253 1988 519 2050; x_wconf 87' lang='lat' dir='ltr'>regionibus</span> <span class='ocrx_word' id='word_1_222' title='bbox 532 1989 862 2035; x_wconf 89' lang='lat' dir='ltr'>communicata</span> <span class='ocrx_word' id='word_1_223' title='bbox 873 1983 949 2036; x_wconf 74' lang='lat' dir='ltr'>est.</span> <span class='ocrx_word' id='word_1_224' title='bbox 964 1989 1018 2032; x_wconf 89' lang='lat' dir='ltr'>ln</span> <span class='ocrx_word' id='word_1_225' title='bbox 1028 1983 1118 2031; x_wconf 82' lang='lat' dir='ltr'>fine</span> <span class='ocrx_word' id='word_1_226' title='bbox 1128 1983 1260 2030; x_wconf 88' lang='lat' dir='ltr'>seculi</span> <span class='ocrx_word' id='word_1_227' title='bbox 1271 1982 1504 2028; x_wconf 86' lang='lat' dir='ltr'>imminuta</span> <span class='ocrx_word' id='word_1_228' title='bbox 1513 1976 1577 2025; x_wconf 87' lang='lat' dir='ltr'>est</span> 
     </span>
     <span class='ocr_line' id='line_1_29' title="bbox 170 2049 1638 2125; baseline -0.01 -19"><span class='ocrx_word' id='word_1_229' title='bbox 170 2075 258 2125; x_wconf 87' lang='lat' dir='ltr'>per</span> <span class='ocrx_word' id='word_1_230' title='bbox 276 2057 478 2104; x_wconf 86' lang='lat' dir='ltr'>inimicos</span> <span class='ocrx_word' id='word_1_231' title='bbox 489 2057 823 2105; x_wconf 80' lang='lat' dir='ltr'>Melanchthonis</span> <span class='ocrx_word' id='word_1_232' title='bbox 833 2064 879 2100; x_wconf 88' lang='lat' dir='ltr'>et</span> <span class='ocrx_word' id='word_1_233' title='bbox 894 2054 1140 2106; x_wconf 77' lang='lat' dir='ltr'>camerarii,</span> <span class='ocrx_word' id='word_1_234' title='bbox 1152 2051 1288 2115; x_wconf 88' lang='lat' dir='ltr'>idque</span> <span class='ocrx_word' id='word_1_235' title='bbox 1307 2049 1475 2095; x_wconf 89' lang='lat' dir='ltr'>malum</span> <span class='ocrx_word' id='word_1_236' title='bbox 1494 2063 1577 2111; x_wconf 88' lang='lat' dir='ltr'>per</span> <span class='ocrx_word' id='word_1_237' title='bbox 1629 2089 1638 2102; x_wconf 68' lang='grc'>,</span> 
     </span>
     <span class='ocr_line' id='line_1_30' title="bbox 171 2117 1637 2189; baseline -0.01 -16"><span class='ocrx_word' id='word_1_238' title='bbox 171 2136 326 2174; x_wconf 81' lang='lat' dir='ltr'>totum</span> <span class='ocrx_word' id='word_1_239' title='bbox 344 2140 485 2189; x_wconf 86' lang='lat' dir='ltr'>paene</span> <span class='ocrx_word' id='word_1_240' title='bbox 508 2124 700 2170; x_wconf 89' lang='lat' dir='ltr'>seculum</span> <span class='ocrx_word' id='word_1_241' title='bbox 722 2124 905 2186; x_wconf 86' lang='lat' dir='ltr'>sequens</span> <span class='ocrx_word' id='word_1_242' title='bbox 918 2121 1113 2168; x_wconf 86' lang='lat' dir='ltr'>durauit:</span> <span class='ocrx_word' id='word_1_243' title='bbox 1134 2117 1207 2165; x_wconf 90' lang='lat' dir='ltr'>sed</span> <span class='ocrx_word' id='word_1_244' title='bbox 1218 2117 1573 2164; x_wconf 83' lang='lat' dir='ltr'>manseretamen</span> <span class='ocrx_word' id='word_1_245' title='bbox 1634 2149 1637 2152; x_wconf 86' lang='lat'>.</span> 
     </span>
     <span class='ocr_line' id='line_1_31' title="bbox 173 2181 1574 2257; baseline -0.009 -17"><span class='ocrx_word' id='word_1_246' title='bbox 173 2194 387 2257; x_wconf 82' lang='lat' dir='ltr'>reliquiae</span> <span class='ocrx_word' id='word_1_247' title='bbox 399 2191 615 2256; x_wconf 83' lang='lat' dir='ltr'>quaedam</span> <span class='ocrx_word' id='word_1_248' title='bbox 627 2188 734 2237; x_wconf 72' lang='lat' dir='ltr'>reffl</span> <span class='ocrx_word' id='word_1_249' title='bbox 745 2190 801 2236; x_wconf 88' lang='lat' dir='ltr'>de</span> <span class='ocrx_word' id='word_1_250' title='bbox 811 2190 946 2236; x_wconf 87' lang='lat' dir='ltr'>literis</span> <span class='ocrx_word' id='word_1_251' title='bbox 957 2188 1102 2235; x_wconf 84' lang='lat' dir='ltr'>sensus</span> <span class='ocrx_word' id='word_1_252' title='bbox 1125 2201 1363 2247; x_wconf 88' lang='lat' dir='ltr'>earumque</span> <span class='ocrx_word' id='word_1_253' title='bbox 1382 2181 1574 2237; x_wconf 62' lang='lat' dir='ltr'>studim:</span> 
     </span>
    </p>
   </div>
   <div class='ocr_carea' id='block_1_8' title="bbox 172 2246 1650 2318">
    <p class='ocr_par' dir='ltr' id='par_1_9' title="bbox 172 2246 1650 2318">
     <span class='ocr_line' id='line_1_32' title="bbox 172 2246 1650 2318; baseline -0.01 -9"><span class='ocrx_word' id='word_1_254' title='bbox 172 2262 275 2310; x_wconf 86' lang='lat' dir='ltr'>illae</span> <span class='ocrx_word' id='word_1_255' title='bbox 292 2258 476 2307; x_wconf 90' lang='lat' dir='ltr'>tandem</span> <span class='ocrx_word' id='word_1_256' title='bbox 498 2260 620 2306; x_wconf 88' lang='lat' dir='ltr'>velut</span> <span class='ocrx_word' id='word_1_257' title='bbox 640 2258 693 2305; x_wconf 89' lang='lat' dir='ltr'>ad</span> <span class='ocrx_word' id='word_1_258' title='bbox 713 2260 844 2306; x_wconf 88' lang='lat' dir='ltr'>vitam</span> <span class='ocrx_word' id='word_1_259' title='bbox 868 2256 1073 2310; x_wconf 88' lang='lat' dir='ltr'>redirent,</span> <span class='ocrx_word' id='word_1_260' title='bbox 1093 2253 1349 2318; x_wconf 84' lang='lat' dir='ltr'>praesertim</span> <span class='ocrx_word' id='word_1_261' title='bbox 1366 2253 1410 2297; x_wconf 90' lang='lat' dir='ltr'>in</span> <span class='ocrx_word' id='word_1_262' title='bbox 1430 2246 1574 2296; x_wconf 84' lang='lat' dir='ltr'>nostra</span> <span class='ocrx_word' id='word_1_263' title='bbox 1634 2269 1650 2307; x_wconf 46' lang='grc' dir='ltr'><strong>χ</strong></span> 
     </span>
    </p>
   </div>
   <div class='ocr_carea' id='block_1_9' title="bbox 170 2315 1650 2661">
    <p class='ocr_par' dir='ltr' id='par_1_10' title="bbox 170 2315 1650 2596">
     <span class='ocr_line' id='line_1_33' title="bbox 171 2315 1650 2390; baseline -0.009 -14"><span class='ocrx_word' id='word_1_264' title='bbox 171 2325 539 2382; x_wconf 60' lang='lat' dir='ltr'>Academiavnde</span> <span class='ocrx_word' id='word_1_265' title='bbox 549 2327 622 2373; x_wconf 90' lang='lat' dir='ltr'>illa</span> <span class='ocrx_word' id='word_1_266' title='bbox 632 2343 714 2372; x_wconf 92' lang='lat' dir='ltr'>coe</span> <span class='ocrx_word' id='word_1_267' title='bbox 719 2327 783 2390; x_wconf 88' lang='lat' dir='ltr'>pit</span> <span class='ocrx_word' id='word_1_268' title='bbox 793 2322 879 2371; x_wconf 84' lang='lat' dir='ltr'>else</span> <span class='ocrx_word' id='word_1_269' title='bbox 889 2322 1131 2386; x_wconf 83' lang='lat' dir='ltr'>mansitque</span> <span class='ocrx_word' id='word_1_270' title='bbox 1143 2321 1419 2367; x_wconf 86' lang='lat' dir='ltr'>seminarium</span> <span class='ocrx_word' id='word_1_271' title='bbox 1430 2315 1575 2364; x_wconf 90' lang='lat' dir='ltr'>bono·</span> <span class='ocrx_word' id='word_1_272' title='bbox 1648 2342 1650 2382; x_wconf 62' lang='lat'><em>2</em></span> 
     </span>
     <span class='ocr_line' id='line_1_34' title="bbox 170 2383 1650 2455; baseline -0.011 -12"><span class='ocrx_word' id='word_1_273' title='bbox 170 2412 272 2451; x_wconf 76' lang='lat' dir='ltr'>rum</span> <span class='ocrx_word' id='word_1_274' title='bbox 301 2393 608 2455; x_wconf 86' lang='lat' dir='ltr'>magistrorum</span> <span class='ocrx_word' id='word_1_275' title='bbox 641 2392 1013 2440; x_wconf 87' lang='lat' dir='ltr'>Academicorum</span> <span class='ocrx_word' id='word_1_276' title='bbox 1048 2400 1094 2436; x_wconf 87' lang='lat' dir='ltr'>et</span> <span class='ocrx_word' id='word_1_277' title='bbox 1131 2384 1488 2435; x_wconf 83' lang='lat' dir='ltr'>scholasticorum</span> <span class='ocrx_word' id='word_1_278' title='bbox 1524 2383 1573 2429; x_wconf 88' lang='lat' dir='ltr'>in</span> <span class='ocrx_word' id='word_1_279' title='bbox 1639 2383 1650 2427; x_wconf 59' lang='lat'>2⁴</span> 
     </span>
     <span class='ocr_line' id='line_1_35' title="bbox 173 2451 1571 2522; baseline -0.01 -11"><span class='ocrx_word' id='word_1_280' title='bbox 173 2464 300 2512; x_wconf 88' lang='lat' dir='ltr'>omni</span> <span class='ocrx_word' id='word_1_281' title='bbox 327 2462 494 2522; x_wconf 80' lang='lat' dir='ltr'>genere</span> <span class='ocrx_word' id='word_1_282' title='bbox 520 2460 759 2516; x_wconf 70' lang='lat' dir='ltr'>dostrinae,</span> <span class='ocrx_word' id='word_1_283' title='bbox 786 2458 899 2507; x_wconf 83' lang='lat' dir='ltr'>vnde</span> <span class='ocrx_word' id='word_1_284' title='bbox 926 2459 997 2506; x_wconf 89' lang='lat' dir='ltr'>alii</span> <span class='ocrx_word' id='word_1_285' title='bbox 1021 2474 1101 2514; x_wconf 77' lang='lat' dir='ltr'>eos</span> <span class='ocrx_word' id='word_1_286' title='bbox 1123 2464 1351 2522; x_wconf 77' lang='lat' dir='ltr'>peterent,</span> <span class='ocrx_word' id='word_1_287' title='bbox 1385 2468 1489 2499; x_wconf 90' lang='lat' dir='ltr'>cum</span> <span class='ocrx_word' id='word_1_288' title='bbox 1515 2451 1571 2496; x_wconf 78' lang='lat' dir='ltr'>iia</span> 
     </span>
     <span class='ocr_line' id='line_1_36' title="bbox 172 2528 1641 2596; baseline -0.012 -17"><span class='ocrx_word' id='word_1_289' title='bbox 172 2547 289 2596; x_wconf 89' lang='lat' dir='ltr'>opus</span> <span class='ocrx_word' id='word_1_290' title='bbox 309 2528 427 2576; x_wconf 84' lang='lat' dir='ltr'>effet.</span> <span class='ocrx_word' id='word_1_291' title='bbox 1638 2535 1641 2582; x_wconf 71' lang='lat' dir='ltr'>j</span> 
     </span>
    </p>

    <p class='ocr_par' dir='ltr' id='par_1_11' title="bbox 270 2587 1642 2661">
     <span class='ocr_line' id='line_1_37' title="bbox 270 2591 1570 2661; baseline -0.012 -16"><span class='ocrx_word' id='word_1_292' title='bbox 270 2596 356 2645; x_wconf 88' lang='lat' dir='ltr'>Sed</span> <span class='ocrx_word' id='word_1_293' title='bbox 369 2598 459 2644; x_wconf 88' lang='lat' dir='ltr'>hoc</span> <span class='ocrx_word' id='word_1_294' title='bbox 468 2607 644 2646; x_wconf 84' lang='lat' dir='ltr'>tantum</span> <span class='ocrx_word' id='word_1_295' title='bbox 655 2594 826 2643; x_wconf 90' lang='lat' dir='ltr'>bonum</span> <span class='ocrx_word' id='word_1_296' title='bbox 838 2594 1002 2661; x_wconf 87' lang='lat' dir='ltr'>patriae</span> <span class='ocrx_word' id='word_1_297' title='bbox 1021 2609 1099 2657; x_wconf 88' lang='lat' dir='ltr'>per</span> <span class='ocrx_word' id='word_1_298' title='bbox 1109 2591 1359 2638; x_wconf 88' lang='lat' dir='ltr'>Lutherum</span> <span class='ocrx_word' id='word_1_299' title='bbox 1372 2594 1570 2651; x_wconf 86' lang='lat' dir='ltr'>paratum</span> 
     </span>
    </p>
   </div>
   <div class='ocr_carea' id='block_1_10' title="bbox 170 2656 1643 2786">
    <p class='ocr_par' dir='ltr' id='par_1_12' title="bbox 170 2656 1643 2786">
     <span class='ocr_line' id='line_1_38' title="bbox 170 2656 1639 2771; baseline 0.005 -56"><span class='ocrx_word' id='word_1_300' title='bbox 170 2674 222 2715; x_wconf 78' lang='lat' dir='ltr'>vt</span> <span class='ocrx_word' id='word_1_301' title='bbox 241 2665 546 2728; x_wconf 63' lang='lat' dir='ltr'>construetur,</span> <span class='ocrx_word' id='word_1_302' title='bbox 564 2666 690 2716; x_wconf 86' lang='lat' dir='ltr'>omni</span> <span class='ocrx_word' id='word_1_303' title='bbox 698 2662 837 2715; x_wconf 80' lang='lat' dir='ltr'>modo</span> <span class='ocrx_word' id='word_1_304' title='bbox 857 2659 1143 2713; x_wconf 81' lang='lat' dir='ltr'>laborandum</span> <span class='ocrx_word' id='word_1_305' title='bbox 1155 2656 1570 2771; x_wconf 32' lang='lat' dir='ltr'>est&#39;Primumfftmt?</span> <span class='ocrx_word' id='word_1_306' title='bbox 1630 2671 1639 2682; x_wconf 62' lang='lat'><em>²</em></span> 
     </span>
     <span class='ocr_line' id='line_1_39' title="bbox 1388 2735 1643 2786; baseline -0.016 -16"><span class='ocrx_word' id='word_1_307' title='bbox 1388 2737 1437 2786; x_wconf 74' lang='lat' dir='ltr'>gl</span> <span class='ocrx_word' id='word_1_308' title='bbox 1494 2735 1517 2767; x_wconf 69' lang='lat' dir='ltr'><strong>a</strong></span> <span class='ocrx_word' id='word_1_309' title='bbox 1539 2735 1569 2765; x_wconf 73' lang='grc' dir='ltr'>ι·</span> <span class='ocrx_word' id='word_1_310' title='bbox 1636 2744 1643 2781; x_wconf 56' lang='grc' dir='ltr'>ἦ</span> 
     </span>
    </p>
   </div>
  </div>
 </body>
</html>
