1682 3068
353 178 413 208 m
447 156 747 207 nxzxeromz
783 173 1015 206 consa-rr
1026 173 1217 221 vanna,
1375 165 1473 219 197

169 302 246 347 24.
266 284 466 332 Primum
495 284 643 343 igitur,
674 290 724 328 vt
756 291 859 327 ante
885 279 1085 337 diximus,
1115 279 1262 341 legem
1290 287 1465 326 natur&

22 374 27 375 ⁷
68 352 172 407 lem,
193 355 254 399 ait
271 369 363 398 non
383 367 539 399 cauere
559 347 750 415 potuisse
774 347 1029 396 hominibus
1051 364 1197 412 neque
1223 345 1278 394 ab
1297 345 1469 394 senten-

67 423 141 468 tiis
163 419 460 468 absurdissimis
470 415 929 478 monstrofiffimisque
941 415 997 463 de
1020 427 1171 463 natura
1190 413 1338 462 diuina
1355 417 1467 461 eius·

67 505 160 550 que
181 489 316 542 cultu,
349 503 494 550 neque
510 485 565 533 ab
586 487 709 533 omni
727 500 892 546 genere
910 485 1133 538 vitiorum,
1171 481 1467 546 nefandisque

67 553 343 603 facinoribus
371 556 426 616 (I,
451 564 523 610 18.
529 553 651 619 filq.)
682 552 811 598 Vnde
830 553 964 611 igitur
984 550 1076 598 hoc
1093 550 1257 598 habet?
1303 549 1467 614 Exipsa

65 640 118 670 re
137 623 313 676 scilicet.
381 625 527 676 Quam
550 619 679 668 foeda
698 622 819 668 enim
839 613 1180 684 εἱδωλολατςεία.
1198 629 1246 666 et
1263 615 1468 683 supersti-

66 696 136 738 tio
164 707 331 746 omnes,
364 700 542 756 praeter
569 689 798 745 Iudaicam,
835 697 996 748 gentes
1026 684 1250 750 oppress‘as
1268 687 1466 734 tenuerit

63 757 170 806 inde
193 759 248 805 ab
282 756 585 823 antiquissimis
612 753 904 821 temporibus,
939 756 1220 818 maximeque
1249 756 1466 818 tempori·

66 825 148 874 bus
176 824 328 883 Paulli,
363 827 564 873 omnium
595 834 855 889 temporum
885 832 1179 870 monumenta
1199 822 1463 886 loquuntur,

59 896 150 940 nec
163 891 222 940 de
239 910 296 941 eo
316 894 403 941 vlla
419 889 564 957 potest
584 890 669 939 effe
689 891 919 939 dubitatio.
988 894 1094 937 Nec
1111 891 1261 936 minor
1282 906 1462 938 morum

57 970 109 1007 et
124 963 238 1007 vitae
260 962 512 1025 corruptela
536 960 623 1007 fuit
649 961 767 1025 apud
798 975 957 1006 omnes
981 969 1170 1020 gentes;
1203 956 1324 1021 quod
1335 967 1391 1010 ,et
1407 958 1461 1003 li-

59 1025 130 1075 bri
149 1031 295 1089 graeci
313 1029 519 1094 latinique
540 1044 698 1075 omnes
724 1029 983 1092 loquuntur,
1018 1037 1063 1073 et
1078 1025 1293 1091 sapientes
1315 1024 1459 1071 homi-

47 1112 141 1143 nes
161 1095 424 1162 conquestos
445 1099 704 1161 reperimus.
772 1096 850 1142 Illa
869 1094 955 1158 ipsa
976 1096 1142 1148 ciuitaS‚
1162 1109 1274 1158 quae
1291 1091 1458 1157 sapien-

59 1161 216 1211 tiffima
233 1165 414 1229 'semper
438 1165 624 1211 iudicata
645 1162 718 1219 est,
752 1163 903 1224 (Cicer.
922 1163 1043 1225 Rofi.
1075 1162 1171 1209 Am.
1194 1165 1289 1224 25.)
1318 1161 1458 1208 Athe·

0 1255 1 1280 5
58 1230 229 1286 niensis,
262 1249 394 1296 quam
415 1232 556 1279 foedis
576 1233 690 1279 vitiis
710 1242 806 1279 tota
826 1229 987 1277 obruta
1007 1240 1055 1277 et
1074 1243 1287 1294 corrupta
1306 1228 1456 1284 fuerit,

55 1315 193 1362 quam
220 1298 359 1362 foedis
385 1298 640 1346 libidinibus
661 1309 706 1345 et
731 1296 909 1359 flagitiis
927 1296 1084 1352 dedita,
1110 1294 1187 1361 ipfi
1208 1297 1456 1344 Athenien-

56 1364 122 1412 ses
151 1365 401 1430 scriptoreS,
434 1367 740 1430 Aristophanes
766 1367 946 1429 aliique,
980 1366 1244 1427 loquuntur.
1306 1367 1458 1413 Socra·

56 1442 123 1482 tes
147 1433 327 1498 quidem
345 1433 461 1500 apud
483 1436 717 1489 Platonem,
743 1435 791 1480 in
809 1430 949 1480 nobili
965 1432 1183 1480 librorum
1211 1434 1261 1478 de
1279 1449 1366 1494 rep.
1386 1432 1454 1479 lo·

58 1517 126 1555 co,
158 1500 363 1568 disputat,
391 1504 450 1549 im
467 1512 699 1566 corruptas
721 1499 808 1548 esse
825 1516 998 1557 omnes,
1029 1502 1163 1547 etiam
1183 1498 1453 1557 castissimas,

1 1611 11 1621 ,
56 1581 226 1629 genteS,
261 1581 309 1616 vt
325 1570 529 1616 humanis
548 1567 755 1616 remediis
774 1566 860 1615 {isti
879 1569 1046 1615 malum
1066 1583 1159 1614 non
1181 1566 1321 1630 poffit.
1371 1568 1454 1614 Vi·

53 1636 191 1683 deant
218 1637 344 1701 plura
370 1634 545 1684 studiosi
572 1640 618 1683 in
645 1637 705 1683 H.
740 1637 891 1685 Grotii
909 1635 963 1682 ad
990 1636 1140 1682 locum
1163 1635 1308 1683 Paulli
1326 1650 1451 1681 com·

53 1705 285 1752 mentatio.
346 1703 512 1752 Iudaici
538 1700 760 1752 Dostores
794 1704 879 1751 illis
907 1702 1201 1767 temporibus,
1236 1713 1452 1766 corrupta

53 1771 111 1817 de
136 1770 223 1818 fide
254 1769 465 1830 doarium
490 1783 539 1819 vt
563 1774 701 1819 altera
725 1784 850 1837 parte
869 1769 1279 1823 demonstrabimus,
1308 1767 1447 1816 existi·

51 1837 248 1896 mabam:²
263 1857 444 1887 omnem
463 1840 581 1888 illam
597 1843 801 1902 gentium
819 1840 1122 1903 corruptelam
1144 1836 1227 1886 effe
1245 1836 1299 1885 ab
1319 1840 1446 1898 igno-

0 1912 34 1977 ’ᾗ
49 1909 221 1957 ratione
245 1907 355 1969 legis
387 1907 557 1955 diuinae
579 1926 660 1972 per
675 1909 828 1973 Mosen
846 1909 1041 1963 traditae,
1070 1909 1201 1954 cuius
1220 1907 1447 1954 scientiam

0 1978 6 1993 ”
50 1974 345 2022 Ῑιεδθῐόὶιιῐιο
365 1977 454 2023 vim
475 1986 628 2022 natura
646 1975 727 2032 sua,
747 1987 796 2023 vt
816 1973 985 2023 sanstos
1004 1974 1211 2022 redderet
1223 1974 1446 2029 homines,

51 2047 100 2088 et
128 2033 390 2107 cupiditates
419 2045 598 2089 vincere
624 2045 738 2090 ratio
762 2041 929 2108 poss'et:
964 2042 1088 2106 quod
1118 2044 1236 2089 clare
1266 2053 1390 2106 patet
1415 2057 1443 2085 e

49 2109 204 2156 multis
224 2110 412 2158 Philonis
434 2109 584 2157 Iudaei
605 2111 730 2167 locis,
760 2122 807 2157 et
822 2112 995 2176 Iosephi
1018 2110 1068 2172 (si
1086 2122 1238 2157 tamen
1258 2110 1444 2172 Iosiephi)

47 2178 96 2223 in
114 2178 387 2229 Maccabaeos
414 2176 578 2224 libello.
644 2181 796 2243 ltaque
815 2190 861 2226 et
888 2178 1003 2242 ipsos
1035 2177 1233 2231 ludaeos,
1262 2178 1443 2224 Paullus

49 2243 195 2301 docet,
217 2244 295 2292 sub
317 2245 555 2309 imperium
574 2246 783 2293 vitiorum
800 2243 959 2293 venisse
979 2249 1050 2304 (II
1055 2250 1097 2302 1,
1107 2253 1173 2307 9.)
1191 2261 1332 2307 eaque
1344 2260 1442 2290 cor·

43 2313 504 2444 ῗηῗῗῗιῗζξῗιῖιοῗ
522 2311 1440 2444 {5312fssffifflsstfitsssssiffiss'?vi'izse‘j'ssz

43 2447 131 2497 fuis
150 2447 432 2512 temporibus
453 2447 679 2501 summam,
704 2460 749 2495 et
766 2447 960 2494 Iudaicae
986 2449 1179 2495 nationis
1199 2447 1284 2494 hac
1303 2448 1437 2493 etiam

8 2510 170 2580 ῘῙηηε
197 2515 481 2563 miserrimam
510 2513 816 2562 conditionem
848 2513 970 2562 fuiffe
997 2516 1197 2563 fateatur.
1273 2517 1375 2571 lam,
1403 2512 1438 2561 fi

40 2586 247 2632 omnium
260 2585 462 2645 gentium
483 2585 527 2629 in
546 2583 690 2644 aliqua
708 2600 757 2629 re
769 2583 1004 2631 consensus
1016 2580 1135 2630 reae
1150 2594 1332 2649 putatur
1350 2580 1436 2629 effe

43 2660 127 2700 Vox
149 2663 342 2711 naturae,
363 2652 406 2699 h.
428 2669 467 2698 e.
485 2668 581 2699 eam
594 2653 641 2698 in
659 2653 826 2699 notitiis
849 2650 981 2700 insitis
998 2651 1313 2702 numerandam
1336 2647 1439 2706 effe,

773 2722 823 2766 N
858 2736 884 2781 3
1047 2717 1050 2719 Δ
1252 2720 1441 2783 eiusque
