1682 3068
506 131 545 158 ψ.
581 131 955 163 «.ϊιιιι»ιισι
1410 125 1510 184 387

131 271 134 276 ·
187 239 286 290 'Sed
316 239 387 288 his
409 235 584 287 duobus
610 252 707 284 non
731 237 926 284 alienum
954 233 1008 284 fit
1027 234 1191 284 addere
1204 237 1393 294 Mosen,
1435 238 1512 286 cui

39 315 49 359 ζ
99 308 202 358 libri
222 309 350 364 sacri,
387 305 573 355 non'illi
590 303 770 368 quidem
790 320 956 351 nomen
976 304 1215 353 sacerdotis
1237 305 1397 353 diserte
1430 307 1511 354 tri·

100 375 260 431 buunt,
292 374 413 440 quod
433 373 479 420 id
497 372 730 438 proprium
748 370 911 417 fafilum
930 382 1022 419 erat
1042 389 1222 437 operam
1244 372 1511 422 nauantibus

10 427 26 449 ¹
97 441 463 508 Deo-aexpopulo
482 442 527 487 in
546 438 660 486 statis
682 449 730 485 et
748 439 960 499 legitimis
987 440 1125 496 sacris,
1160 440 1232 487 sed
1252 458 1346 489 rem
1369 442 1508 507 ipsam

98 510 317 567 adseram
336 505 665 570 ·a'gnosentibus
685 507 818 552 etiam
833 506 1098 553 ludaeorum
1121 507 1381 556 duston-ibus
1403 527 1508 557 eru·

63 588 70 594 '
98 576 354 625 ditiffimiv-
393 580 515 622 Nam
536 575 622 622 fuit
641 572 820 636 μεσίτης
840 576 914 628 τῆς
933 568 1173 634 διαθήκης,
1215 578 1436 642 interpres
1455 587 1517 625 et·

98 641 334 711 oonfestq·
354 641 548 690 foederis
579 644 720 688 diuini
752 658 852 688 cum
880 653 1017 702 gente
1036 642 1288 701 Israelitiea3
1331 647 1377 690 in
1409 662 1506 711 quo

48 744 51 746 -
91 710 185 760 stne
204 708 335 762 dubio
355 708 541 772 figuram
563 708 724 757 Christi
742 706 953 764 sustinuit,
972 711 1184 770 sanguine
1206 712 1285 758 suo
1306 713 1503 760 sancien-

92 782 153 829 tis
174 777 332 828 {nudus
351 794 525 825 nouum
541 795 592 825 ac
612 778 794 833 melius,
836 775 972 840 idque
1004 777 1122 824 haud
1150 779 1300 842 paullo
1318 781 1419 844 plus
1453 790 1503 828 et

92 847 270 904 auius,
315 862 446 910 quam
469 851 622 893 Aaron
653 844 745 909 ipse
766 847 811 891 in
836 842 1023 892 vistimis
1042 847 1303 909 expiatoriis.
1380 850 1500 897 Iesus

0 959 1 966 ,
90 911 291 963 christus
317 913 500 977 quidem
532 914 625 979 ipse
652 913 778 960 velut
804 910 946 973 digito
973 913 1091 959 hanc
1120 911 1306 973 figuram
1335 915 1396 962 sui
1424 916 1501 963 de·

0 991 1 1019 i
86 977 355 1035 monstrauit,
387 983 431 1027 in
451 984 736 1028 sacramento
758 983 961 1044 corporis
983 992 1029 1027 et
1050 981 1267 1041 sanguinis
1289 982 1351 1028 sui
1375 982 1498 1030 insti·

0 1050 2 1114 J
86 1046 284 1105 tuendo,
325 1048 483 1094 iisdem
504 1048 787 1111 totidemque
806 1047 949 1094 verbis
975 1049 1093 1104 vsuS‚
1134 1065 1248 1112 quae
1266 1050 1419 1097 Moses
1447 1053 1498 1099 in

85 1126 242 1165 vetere
268 1113 502 1162 sanciendo
528 1118 856 1181 pronunciat-at.
959 1121 1133 1179 Atque,
1176 1127 1224 1163 vt
1245 1119 1498 1181 opinamur,

33 1182 38 1185 ’
86 1185 220 1230 etiam
249 1182 364 1229 hanc
394 1182 455 1230 ob
474 1181 656 1230 caussam
674 1185 798 1230 Philo
820 1183 982 1230 Mosen
1015 1184 1212 1247 appellat
1232 1185 1514 1248 sacerdotem.-

85 1250 201 1298 locis
231 1251 401 1312 aliquot
427 1249 524 1296 libri
543 1254 589 1298 11
609 1262 655 1297 et
672 1253 740 1297 ΠΙ
768 1255 816 1297 de
842 1255 930 1298 vita
952 1252 1109 1317 Moſss:
1150 1267 1420 1316 quamquam
1451 1263 1501 1301 et

87 1314 326 1364 constituta
346 1314 400 1362 ab
421 1317 516 1381 ipso
537 1330 583 1364 et
602 1318 803 1364 ordinata
820 1317 956 1373 sacra,
996 1335 1108 1380 quae
1131 1335 1213 1382 per
1232 1319 1496 1368 Sacerdotes

12 1406 15 1408 ¹
88 1394 138 1431 et
154 1386 334 1432 Leuitns
356 1397 639 1439 curarentur,
675 1386 720 1430 in
740 1386 1040 1447 appellatione
1061 1384 1144 1431 hac
1161 1384 1364 1449 spekhri,
1396 1406 1496 1436 nou

84 1453 262 1512 ignoro.
364 1453 424 1498 Et
451 1452 528 1498 ille
569 1454 755 1500 omnino
785 1451 964 1498 funstus
1004 1450 1066 1499 est
1095 1452 1340 1501 sacerdotio
1372 1467 1510 1513 ante„

84 1534 224 1584 quam
251 1518 381 1566 fratri
404 1535 499 1566 eam
527 1529 702 1584 partem
732 1517 954 1566 ministerii
978 1519 1044 1568 sui
1065 1519 1296 1569 detulisset.
1394 1523 1499 1582 Sed,-

84 1588 189 1651 quin
218 1584 359 1632 sacrae
387 1586 540 1633 literae
566 1586 610 1633 id
639 1603 806 1633 nomen
835 1588 881 1632 in
910 1586 1037 1633 Mose
1063 1604 1158 1635 non
1191 1587 1347 1638 diserte
1375 1591 1494 1639 vsur·

80 1663 215 1718 pant,
257 1652 350 1701 hoe
377 1653 561 1719 quidem
587 1657 636 1702 in
662 1655 765 1702 loco
791 1655 1010 1703 rationem
1029 1657 1124 1703 eius
1154 1657 1323 1707 nullam
1355 1657 1492 1707 habe-

83 1718 248 1769 bimus.

178 1852 295 1902 Illud
312 1864 463 1903 autem
485 1855 822 1919 intelligendum
843 1853 928 1914 est,
970 1856 1093 1920 quod
1118 1857 1211 1907 fere
1229 1860 1276 1907 in
1297 1858 1489 1925 disputa·

81 1923 211 1971 tione
228 1921 285 1967 de
301 1922 547 1969 sacerdotio
568 1926 597 1969 Ι.
622 1930 670 1971 C.
691 1927 1080 1988 praetermittitur,
1110 1944 1213 1975 cum
1232 1927 1286 1975 ad
1302 1928 1487 1989 dogma-

82 1989 220 2035 tium
237 1991 459 2035 rationem
478 1986 736 2047 instituitur,
756 2007 851 2038 non
874 1992 1035 2039 eodem
1057 1994 1196 2042 modo
1214 1995 1492 2045 sacerdotem

81 2052 182 2109 esse,
220 2070 322 2102 cum
345 2056 675 2106 Melchisedeco
697 2070 999 2123 comparatur,
1027 2072 1074 2107 et
1094 2078 1199 2108 cum
1218 2064 1487 2110 Aaroniticis

79 2119 374 2170 Pontificibus
402 2120 669 2171 assimulatur
678 2147 692 2181 3
735 2141 838 2172 cum
866 2127 1064 2174 sacerdos
1093 2139 1300 2177 aeternus
1330 2129 1486 2178 conse-

79 2186 248 2236 diffein
268 2190 404 2236 coelis
433 2193 479 2237 in
507 2192 676 2239 throno
699 2196 784 2239 Dei
812 2192 991 2252 dicitur,
1032 2205 1081 2242 et
1102 2213 1208 2243 cum
1236 2195 1484 2246 sacrificasse

78 2256 147 2311 se,
182 2255 236 2303 ad
255 2258 470 2321 expianda
489 2261 664 2318 generis
689 2261 871 2308 humani
895 2275 1094 2324 peccata,
1137 2266 1183 2310 in
1202 2267 1331 2312 terris
1352 2265 1487 2314 tradi-

79 2332 179 2371 tur:
248 2326 372 2371 Nam
400 2326 449 2373 in
469 2325 709 2375 sacerdotio
730 2328 1134 2377 Melchisedeciano
1164 2333 1275 2379 nihil
1293 2333 1486 2395 intelligi

77 2387 227 2455 potest
244 2408 295 2437 ac
312 2390 467 2449 debet,
501 2411 662 2457 quam,
705 2398 898 2460 primum
919 2394 1206 2444 ministerium
1228 2400 1484 2449 vniuersum

76 2457 176 2505 lesu
195 2455 376 2514 Christi,
395 2459 519 2523 quod
538 2462 585 2507 in
606 2462 824 2523 religione
845 2462 1086 2510 ordinanda
1107 2476 1155 2510 et
1175 2466 1485 2516 constituenda

77 2525 183 2580 Deo
203 2525 555 2594 hominibusque
572 2527 797 2596 praestitit,
832 2547 979 2645 igeque
998 2532 1125 2581 vllius
1144 2533 1251 2585 alius
1270 2538 1335 2584 rei
1355 2537 1486 2583 intel-

782 2599 816 2645 Β
901 2614 930 2644 2
1335 2604 1480 2666 ligen-
