1682 3068
252 139 354 202 526
451 155 514 186 nn
550 155 890 187 Tueorocmss
924 157 1180 189 msromc.
1214 162 1278 191 m·
1315 159 1551 197 noema-r:

250 266 301 313 in
331 260 494 327 quibus
525 262 760 327 acquiescit
786 261 988 326 magister
1015 281 1119 312 cum
1147 265 1389 334 discipulis,
1431 280 1479 317 vt
1504 260 1651 328 exiis,

253 331 378 377 velut
396 328 560 382 tesseris
582 329 856 392 quibusdam,
892 331 1021 395 poffis
1051 334 1243 382 scholam
1273 353 1494 400 quamque
1515 355 1650 400 agno·

252 400 383 447 scere.
455 396 624 454 Quodsi
643 397 747 445 ferri
766 397 925 464 potest,
954 410 1029 448 aut
1049 400 1146 447 satis
1168 400 1228 448 est
1247 405 1293 449 in
1310 404 1526 452 catechesi
1546 410 1650 453 tiro-

251 483 378 522 num,
413 467 462 513 in
482 466 742 526 Theologia
769 468 872 525 viri,
899 469 974 532 qui
1001 485 1098 515 eam
1129 468 1351 518 scientiam
1378 471 1652 535 profiteatur,

252 551 373 581 mera
394 543 627 596 paupertas
648 531 722 588 est,
752 550 862 598 quae
882 535 926 581 se
948 534 1079 582 facile
1110 535 1268 584 deinde
1288 538 1574 603 conspicuam
1593 541 1652 590 fa-

253 606 327 656 cit,
361 617 465 648 cum
487 611 564 648 aut
591 599 811 648 subtiliter
842 604 889 648 in
915 601 1045 658 libris,
1077 614 1154 650 aut
1169 606 1450 669 populariter
1469 609 1516 654 in
1537 619 1650 655 tem-

249 670 349 734 plis,
370 670 513 732 capita
531 666 760 715 doarinae
781 668 884 717 sunt
903 670 1169 735 explicanda.
1240 677 1391 737 Atque
1409 677 1454 721 in
1466 692 1522 722 eo
1542 693 1650 740 quo-

252 754 341 800 que
361 737 477 784 bene
503 738 659 797 agitur,
695 734 726 782 si
754 738 815 784 ita
839 737 1026 785 feliciter
1053 755 1122 784 res
1153 739 1281 792 cadit,
1311 755 1359 788 vt
1389 754 1650 802 argumenta

250 802 339 852 fint
358 803 506 870 proba,
539 814 588 850 vt
615 801 873 851 testimoniis
900 803 1010 863 insit,
1045 807 1168 853 cuius
1190 805 1327 856 cauffa
1350 810 1652 872 proferuntur.

250 873 339 920 Sed
366 873 472 919 huic
499 872 652 932 generi
681 873 808 919 omni
836 873 1049 920 memoria
1077 873 1240 921 accidit
1269 876 1412 940 saepe,
1443 888 1512 930 vt,
1550 880 1650 941 quia

249 938 508 988 testimonia
525 938 792 1004 plerumque
803 939 1001 987 iudicant
1021 956 1046 985 e
1066 941 1348 998 versionibus,
1372 944 1531 1008 quibu<
1551 945 1651 992 sunt

251 1008 418 1055 adsueti
448 1024 472 1053 a
499 1008 663 1070 pueris,
695 1016 772 1054 aut
798 1023 823 1052 e
852 1017 977 1054 textu
1003 1009 1264 1056 authentico
1285 1009 1337 1057 ad
1360 1011 1544 1059 verbum
1565 1012 1649 1059 ase

250 1075 390 1131 verso,
425 1085 472 1121 et
490 1072 594 1120 inde
615 1083 876 1134 argumenta
895 1073 1074 1129 ducunt,
1105 1074 1158 1121 ad
1175 1076 1457 1139 probandum
1478 1090 1650 1143 ponant

250 1143 309 1201 id,
338 1144 383 1189 in
405 1159 511 1205 quo,
543 1140 686 1188 verbis
708 1139 824 1187 bene
844 1139 1092 1198 intelleffis,
1121 1143 1183 1189 vis
1202 1143 1421 1207 probandi
1440 1147 1561 1195 nulla
1582 1149 1648 1194 in-

248 1209 323 1259 est.
387 1213 542 1274 Itaque
569 1205 600 1254 fi
620 1209 719 1274 quis
738 1225 816 1256 eos
833 1210 880 1255 in
900 1211 1009 1257 viam
1032 1207 1244 1258 reducere
1259 1212 1365 1265 vult,
1397 1215 1651 1272 irascuntur,

250 1291 298 1327 et
323 1279 543 1324 imitantes
563 1275 824 1324 Pontificios
844 1275 1069 1341 Sophistas
1098 1288 1307 1344 tempore
1335 1281 1535 1337 Lutheri,
1567 1299 1650 1330 no-

250 1349 407 1396 vitates
426 1346 847 1410 interpretationum
879 1343 1161 1408 exprobrant,
1193 1358 1239 1393 et
1263 1363 1333 1394 res
1354 1348 1464 1412 ipsas
1485 1351 1651 1410 negari,

250 1425 328 1463 aut
346 1415 393 1460 in
410 1412 593 1460 dubium
614 1415 777 1469 vocari,
810 1411 1000 1460 inuidiae
1032 1411 1168 1460 caussa
1197 1414 1399 1475 clamant,
1419 1422 1566 1480 'atque
1585 1427 1651 1465 et-

250 1487 338 1531 iam
360 1491 608 1547 propterea,
637 1478 759 1544 quod
777 1478 1084 1527 auctoritatem
1106 1482 1395 1544 Dogmaticae
1413 1483 1509 1530 suae
1531 1483 1651 1531 labe-

251 1548 401 1599 faGari
420 1548 583 1609 vident,
603 1563 688 1595 nec
705 1546 780 1595 fibi
797 1546 1031 1596 honestum
1050 1561 1222 1613 putant,
1253 1546 1285 1596 fi
1307 1567 1404 1598 non
1422 1551 1652 1599 intellexis-

251 1619 295 1666 se
321 1616 562 1672 videantur,
592 1632 706 1679 quae
726 1626 797 1664 tot
815 1632 898 1681 per
917 1630 1058 1664 annos
1079 1615 1350 1665 dissauerint.
1387 1619 1527 1665 Nulla
1545 1636 1651 1682 pro-

251 1684 372 1734 festo
391 1685 472 1731 alia
489 1681 628 1731 caussa
648 1685 742 1738 fuit,
773 1695 822 1730 vt
841 1684 932 1731 hoc
957 1695 1062 1740 vtar,
1097 1685 1340 1732 clamorum
1363 1697 1516 1732 contra
1544 1688 1650 1734 :nzr-
1673 1743 1676 1746 ἢ

174 1786 183 1797 .
251 1757 430 1806 nauium,
462 1769 485 1798 a
506 1753 656 1798 multis
676 1751 942 1811 TheologiS,
976 1753 1021 1797 in
1043 1751 1108 1797 his
1128 1754 1258 1798 etiam
1280 1755 1425 1809 terris,
1457 1751 1649 1800 sublato-

253 1837 367 1875 rum,
404 1824 463 1876 (ν,
484 1818 625 1880 praefi
657 1820 845 1866 Exercit.
874 1820 986 1879 bibl.)
1021 1818 1095 1881 qui
1125 1820 1312 1867 mortuis
1341 1821 1416 1877 iis,
1456 1823 1531 1884 qui
1561 1838 1648 1886 pro

255 1889 332 1935 sua
365 1883 629 1934 austeritate
665 1885 944 1940 dimicarent,
987 1901 1081 1932 non
1106 1884 1245 1933 modo
1277 1888 1649 1951 conquieuerunt,

254 1954 328 2004 sed
350 1957 481 2001 etiam
508 1955 554 1999 in
577 1952 725 2000 laudes
753 1952 855 1999 sunt
883 1949 1096 2000 conuersi.
1165 1951 1333 2008 Quodsi
1366 1957 1514 2001 omnia
1532 1955 1649 2002 bene
1681 2011 1682 2017 ἵ

254 2024 300 2071 se
317 2021 494 2076 habent,
525 2032 676 2068 tamen
700 2020 770 2067 illa
787 2022 978 2068 tenuitas
1007 2037 1102 2068 non
1120 2018 1182 2068 est
1200 2020 1424 2068 laudanda.
1491 2025 1649 2070 Domi·
1680 2051 1682 2076 ³

254 2109 340 2139 nus
362 2087 510 2137 noster
525 2089 642 2151 Iesus
663 2087 867 2151 Christus,
906 2097 953 2134 et
978 2088 1244 2152 Prophetae,
1278 2088 1580 2153 Apostolique‚
1600 2093 1648 2136 in
1680 2126 1682 2141 .

254 2157 415 2224 quibus
438 2158 526 2204 fuit
545 2159 581 2203 I.
606 2158 656 2205 C.
676 2155 864 2220 spiritus,
900 2156 1100 2219 inprimis
1123 2157 1310 2212 Paullus,
1347 2173 1477 2220 quam
1504 2157 1647 2220 saepe,
1670 2184 1673 2202 ι

182 2248 185 2250 ·
253 2243 391 2292 quam
412 2226 537 2278 varie,
563 2240 693 2286 quam
712 2224 864 2270 multis
886 2233 932 2268 et
949 2223 1072 2269 variis
1091 2223 1336 2271 rationibus
1354 2223 1648 2288 proferendis,
1662 2239 1673 2267 4

253 2310 416 2355 magna
445 2290 670 2339 dostrinae
698 2292 839 2354 capita
865 2289 1083 2337 trastant?
1117 2293 1229 2337 Non
1255 2290 1343 2337 hoc
1364 2302 1455 2338 erat
1473 2279 1672 2342 imitatu—f

253 2361 396 2408 dum?
443 2363 493 2407 In
522 2358 652 2422 rebus
680 2358 848 2404 diuini*
883 2369 930 2403 et
954 2358 1159 2404 humanis
1189 2357 1361 2421 semper
1389 2358 1494 2405 latet
1518 2332 1672 2420 argu-3

253 2438 513 2475 mentorum
537 2425 752 2491 quaedam
775 2426 901 2488 copia
926 2436 972 2471 et
999 2427 1190 2480 varietas,
1216 2435 1317 2488 apta
1345 2398 1671 2490 humanorum}

252 2497 540 2555 ingeniorum
571 2495 790 2547 varietati;
827 2509 912 2538 nec
938 2491 999 2539 ibi
1022 2492 1137 2548 sunt,
1169 2502 1217 2539 vt
1235 2495 1282 2539 in
1305 2493 1670 2552 Mathematicis,I.-j

253 2565 453 2626 itemque
484 2564 531 2608 in
559 2557 901 2624 MetaphyficiS,
943 2569 1060 2606 ratae
1090 2576 1142 2606 ac
1175 2558 1283 2606 fixae
1312 2555 1668 2607 demonstratio-¹

251 2645 352 2691 ner,
384 2632 434 2676 in
461 2626 622 2694 quibus
649 2642 802 2676 rerum
828 2629 1017 2677 tenuitas
1039 2626 1101 2694 *ab
1122 2625 1407 2692 simplicitate,
1441 2626 1469 2674 s,
1490 2624 1646 2743 gistra-

1538 2711 1649 2743 lom·
