<?xml version="1.0" encoding="UTF-8"?>
<!DOCTYPE html PUBLIC "-//W3C//DTD XHTML 1.0 Transitional//EN"
    "http://www.w3.org/TR/xhtml1/DTD/xhtml1-transitional.dtd">
<html xmlns="http://www.w3.org/1999/xhtml" xml:lang="en" lang="en">
 <head>
  <title>
</title>
<meta http-equiv="Content-Type" content="text/html;charset=utf-8" />
  <meta name='ocr-system' content='tesseract 3.04.00' />
  <meta name='ocr-capabilities' content='ocr_page ocr_carea ocr_par ocr_line ocrx_word'/>
</head>
<body>
  <div class='ocr_page' id='page_1' title='image "./opusculatheologi00erneuoft_0124.png"; bbox 0 0 1682 3068; ppageno 0'>
   <div class='ocr_carea' id='block_1_1' title="bbox 163 174 986 208">
    <p class='ocr_par' dir='ltr' id='par_1_1' title="bbox 163 174 986 208">
     <span class='ocr_line' id='line_1_1' title="bbox 163 174 986 208; baseline 0 0"><span class='ocrx_word' id='word_1_1' title='bbox 163 174 259 208; x_wconf 84' lang='lat'>102</span> <span class='ocrx_word' id='word_1_2' title='bbox 743 174 986 208; x_wconf 67' lang='lat' dir='ltr'>&#39;ANTI</span> 
     </span>
    </p>
   </div>
   <div class='ocr_carea' id='block_1_2' title="bbox 164 281 1586 957">
    <p class='ocr_par' dir='ltr' id='par_1_2' title="bbox 164 281 1575 407">
     <span class='ocr_line' id='line_1_2' title="bbox 164 281 1575 354; baseline 0.003 -20"><span class='ocrx_word' id='word_1_3' title='bbox 164 283 410 334; x_wconf 78' lang='lat' dir='ltr'><strong>securitatis</strong></span> <span class='ocrx_word' id='word_1_4' title='bbox 438 281 690 354; x_wconf 67' lang='lat' dir='ltr'>improbae3</span> <span class='ocrx_word' id='word_1_5' title='bbox 741 293 787 331; x_wconf 84' lang='lat' dir='ltr'>et</span> <span class='ocrx_word' id='word_1_6' title='bbox 816 285 1023 332; x_wconf 83' lang='lat' dir='ltr'>licentiae</span> <span class='ocrx_word' id='word_1_7' title='bbox 1054 285 1267 351; x_wconf 84' lang='lat' dir='ltr'>peccandi</span> <span class='ocrx_word' id='word_1_8' title='bbox 1300 295 1488 337; x_wconf 87' lang='lat' dir='ltr'>matrem</span> <span class='ocrx_word' id='word_1_9' title='bbox 1521 306 1575 338; x_wconf 74' lang='lat' dir='ltr'>ae</span> 
     </span>
     <span class='ocr_line' id='line_1_3' title="bbox 166 355 745 407; baseline -0.003 -7"><span class='ocrx_word' id='word_1_10' title='bbox 166 362 405 404; x_wconf 76' lang='lat' dir='ltr'>nutrcem</span> <span class='ocrx_word' id='word_1_11' title='bbox 437 355 745 407; x_wconf 67' lang='lat' dir='ltr'>cognouerat?</span> 
     </span>
    </p>

    <p class='ocr_par' dir='ltr' id='par_1_3' title="bbox 171 415 1586 957">
     <span class='ocr_line' id='line_1_4' title="bbox 183 415 1575 487; baseline 0.002 -19"><span class='ocrx_word' id='word_1_12' title='bbox 183 415 185 420; x_wconf 44' lang='lat'><strong><em>¹</em></strong></span> <span class='ocrx_word' id='word_1_13' title='bbox 267 422 472 482; x_wconf 87' lang='lat' dir='ltr'>Aequior</span> <span class='ocrx_word' id='word_1_14' title='bbox 490 420 619 466; x_wconf 85' lang='lat' dir='ltr'>nobis</span> <span class='ocrx_word' id='word_1_15' title='bbox 639 418 700 467; x_wconf 88' lang='lat' dir='ltr'>est</span> <span class='ocrx_word' id='word_1_16' title='bbox 721 422 767 467; x_wconf 88' lang='lat' dir='ltr'>in</span> <span class='ocrx_word' id='word_1_17' title='bbox 788 418 1089 468; x_wconf 70' lang='lat' dir='ltr'>controuersia</span> <span class='ocrx_word' id='word_1_18' title='bbox 1110 440 1159 468; x_wconf 81' lang='lat' dir='ltr'>ea</span> <span class='ocrx_word' id='word_1_19' title='bbox 1173 460 1184 480; x_wconf 90' lang='lat'>,</span> <span class='ocrx_word' id='word_1_20' title='bbox 1232 439 1344 486; x_wconf 90' lang='lat' dir='ltr'>quae</span> <span class='ocrx_word' id='word_1_21' title='bbox 1375 425 1575 487; x_wconf 78' lang='lat' dir='ltr'>pertinet</span> 
     </span>
     <span class='ocr_line' id='line_1_5' title="bbox 171 486 1577 552; baseline 0.004 -19"><span class='ocrx_word' id='word_1_22' title='bbox 171 487 227 537; x_wconf 73' lang='lat' dir='ltr'>ad</span> <span class='ocrx_word' id='word_1_23' title='bbox 247 504 389 549; x_wconf 71' lang='lat' dir='ltr'>genu—</span> <span class='ocrx_word' id='word_1_24' title='bbox 424 487 622 548; x_wconf 77' lang='lat' dir='ltr'>linguae,</span> <span class='ocrx_word' id='word_1_25' title='bbox 664 486 784 552; x_wconf 90' lang='lat' dir='ltr'>quod</span> <span class='ocrx_word' id='word_1_26' title='bbox 815 492 861 534; x_wconf 86' lang='lat' dir='ltr'>in</span> <span class='ocrx_word' id='word_1_27' title='bbox 882 492 1084 550; x_wconf 83' lang='lat' dir='ltr'>Liturgia</span> <span class='ocrx_word' id='word_1_28' title='bbox 1116 489 1360 537; x_wconf 81' lang='lat' dir='ltr'><strong>adhibetur.</strong></span> <span class='ocrx_word' id='word_1_29' title='bbox 1459 495 1577 540; x_wconf 87' lang='lat' dir='ltr'>Non</span> 
     </span>
     <span class='ocr_line' id='line_1_6' title="bbox 172 553 1581 621; baseline 0.003 -18"><span class='ocrx_word' id='word_1_30' title='bbox 172 553 403 620; x_wconf 79' lang='lat' dir='ltr'>improbat</span> <span class='ocrx_word' id='word_1_31' title='bbox 430 554 686 602; x_wconf 79' lang='lat' dir='ltr'>vernaculae</span> <span class='ocrx_word' id='word_1_32' title='bbox 704 556 848 610; x_wconf 89' lang='lat' dir='ltr'>vsum,</span> <span class='ocrx_word' id='word_1_33' title='bbox 888 573 973 603; x_wconf 89' lang='lat' dir='ltr'>nec</span> <span class='ocrx_word' id='word_1_34' title='bbox 992 559 1204 614; x_wconf 70' lang='lat' dir='ltr'>rationeS,</span> <span class='ocrx_word' id='word_1_35' title='bbox 1234 558 1392 621; x_wconf 86' lang='lat' dir='ltr'>quibus</span> <span class='ocrx_word' id='word_1_36' title='bbox 1413 558 1581 607; x_wconf 69' lang='lat' dir='ltr'>industi</span> 
     </span>
     <span class='ocr_line' id='line_1_7' title="bbox 173 620 1579 690; baseline 0.003 -21"><span class='ocrx_word' id='word_1_37' title='bbox 173 625 366 672; x_wconf 85' lang='lat' dir='ltr'>maiores</span> <span class='ocrx_word' id='word_1_38' title='bbox 392 620 527 669; x_wconf 79' lang='lat' dir='ltr'>nostri</span> <span class='ocrx_word' id='word_1_39' title='bbox 554 624 649 674; x_wconf 85' lang='lat' dir='ltr'>eam</span> <span class='ocrx_word' id='word_1_40' title='bbox 691 627 736 671; x_wconf 89' lang='lat' dir='ltr'>in</span> <span class='ocrx_word' id='word_1_41' title='bbox 763 626 1011 685; x_wconf 85' lang='lat' dir='ltr'>Liturgiam‘</span> <span class='ocrx_word' id='word_1_42' title='bbox 1054 627 1324 690; x_wconf 83' lang='lat' dir='ltr'>receperint:</span> <span class='ocrx_word' id='word_1_43' title='bbox 1376 625 1447 672; x_wconf 90' lang='lat' dir='ltr'>sed</span> <span class='ocrx_word' id='word_1_44' title='bbox 1476 643 1579 674; x_wconf 89' lang='lat' dir='ltr'>eum</span> 
     </span>
     <span class='ocr_line' id='line_1_8' title="bbox 176 687 1581 756; baseline 0 -16"><span class='ocrx_word' id='word_1_45' title='bbox 176 689 329 740; x_wconf 82' lang='lat' dir='ltr'>iudicii</span> <span class='ocrx_word' id='word_1_46' title='bbox 355 694 535 756; x_wconf 83' lang='lat' dir='ltr'>inopem</span> <span class='ocrx_word' id='word_1_47' title='bbox 566 687 748 748; x_wconf 77' lang='lat' dir='ltr'>iudicat,</span> <span class='ocrx_word' id='word_1_48' title='bbox 792 693 865 755; x_wconf 88' lang='lat' dir='ltr'>qui</span> <span class='ocrx_word' id='word_1_49' title='bbox 894 696 936 738; x_wconf 82' lang='lat' dir='ltr'>in</span> <span class='ocrx_word' id='word_1_50' title='bbox 969 692 1330 740; x_wconf 84' lang='lat' dir='ltr'>consuetudinem</span> <span class='ocrx_word' id='word_1_51' title='bbox 1353 697 1581 740; x_wconf 85' lang='lat' dir='ltr'>Romanae</span> 
     </span>
     <span class='ocr_line' id='line_1_9' title="bbox 179 756 1582 826; baseline 0.001 -19"><span class='ocrx_word' id='word_1_52' title='bbox 179 756 403 808; x_wconf 83' lang='lat' dir='ltr'>Ecclefiae</span> <span class='ocrx_word' id='word_1_53' title='bbox 419 759 682 817; x_wconf 82' lang='lat' dir='ltr'>inuehatur,</span> <span class='ocrx_word' id='word_1_54' title='bbox 714 760 919 806; x_wconf 84' lang='lat' dir='ltr'>seruantis</span> <span class='ocrx_word' id='word_1_55' title='bbox 939 760 1135 821; x_wconf 81' lang='lat' dir='ltr'>linguam</span> <span class='ocrx_word' id='word_1_56' title='bbox 1154 771 1361 808; x_wconf 83' lang='lat' dir='ltr'>veterem.</span> <span class='ocrx_word' id='word_1_57' title='bbox 1417 766 1469 809; x_wconf 92' lang='lat' dir='ltr'>In</span> <span class='ocrx_word' id='word_1_58' title='bbox 1490 779 1582 826; x_wconf 89' lang='lat' dir='ltr'>quo</span> 
     </span>
     <span class='ocr_line' id='line_1_10' title="bbox 180 825 1581 886; baseline 0 -11"><span class='ocrx_word' id='word_1_59' title='bbox 180 825 455 875; x_wconf 81' lang='lat' dir='ltr'>mirabilibus</span> <span class='ocrx_word' id='word_1_60' title='bbox 469 826 712 874; x_wconf 67' lang='lat' dir='ltr'>rationibus</span> <span class='ocrx_word' id='word_1_61' title='bbox 736 830 886 875; x_wconf 87' lang='lat' dir='ltr'>vtitur.</span> <span class='ocrx_word' id='word_1_62' title='bbox 991 826 1287 883; x_wconf 84' lang='lat' dir='ltr'>Maiestatem,</span> <span class='ocrx_word' id='word_1_63' title='bbox 1318 832 1401 886; x_wconf 85' lang='lat' dir='ltr'>ait,</span> <span class='ocrx_word' id='word_1_64' title='bbox 1433 832 1581 876; x_wconf 87' lang='lat' dir='ltr'>conci-</span> 
     </span>
     <span class='ocr_line' id='line_1_11' title="bbox 181 889 1586 957; baseline 0.001 -14"><span class='ocrx_word' id='word_1_65' title='bbox 181 894 282 943; x_wconf 86' lang='lat' dir='ltr'>liari</span> <span class='ocrx_word' id='word_1_66' title='bbox 300 893 426 940; x_wconf 80' lang='lat' dir='ltr'>sacris</span> <span class='ocrx_word' id='word_1_67' title='bbox 444 911 467 940; x_wconf 89' lang='lat' dir='ltr'>a</span> <span class='ocrx_word' id='word_1_68' title='bbox 489 894 618 940; x_wconf 85' lang='lat' dir='ltr'>latina</span> <span class='ocrx_word' id='word_1_69' title='bbox 639 895 812 957; x_wconf 83' lang='lat' dir='ltr'>lingua,</span> <span class='ocrx_word' id='word_1_70' title='bbox 846 897 891 941; x_wconf 89' lang='lat' dir='ltr'>in</span> <span class='ocrx_word' id='word_1_71' title='bbox 913 911 1000 955; x_wconf 84' lang='lat' dir='ltr'>qua</span> <span class='ocrx_word' id='word_1_72' title='bbox 1024 892 1213 942; x_wconf 82' lang='lat' dir='ltr'>instituta</span> <span class='ocrx_word' id='word_1_73' title='bbox 1232 889 1406 943; x_wconf 60' lang='lat' dir='ltr'>fuerint.</span> <span class='ocrx_word' id='word_1_74' title='bbox 1458 901 1586 943; x_wconf 88' lang='lat' dir='ltr'>Prae-</span> 
     </span>
    </p>
   </div>
   <div class='ocr_carea' id='block_1_3' title="bbox 1668 349 1682 514">
    <p class='ocr_par' dir='ltr' id='par_1_4' title="bbox 1668 349 1682 514">
     <span class='ocr_line' id='line_1_12' title="bbox 1670 349 1682 401; baseline 0 0"><span class='ocrx_word' id='word_1_75' title='bbox 1670 349 1682 401; x_wconf 58' lang='grc' dir='ltr'>ἓ</span> 
     </span>
     <span class='ocr_line' id='line_1_13' title="bbox 1668 402 1682 441; baseline 0 0"><span class='ocrx_word' id='word_1_76' title='bbox 1668 402 1682 441; x_wconf 59' lang='grc' dir='ltr'>ἶ</span> 
     </span>
     <span class='ocr_line' id='line_1_14' title="bbox 1674 471 1682 514; baseline 0 -21"><span class='ocrx_word' id='word_1_77' title='bbox 1674 471 1682 514; x_wconf 60' lang='grc' dir='ltr'>,ι1</span> 
     </span>
    </p>
   </div>
   <div class='ocr_carea' id='block_1_4' title="bbox 183 959 1670 1026">
    <p class='ocr_par' dir='ltr' id='par_1_5' title="bbox 183 959 1670 1026">
     <span class='ocr_line' id='line_1_15' title="bbox 183 959 1670 1026; baseline 0 -17"><span class='ocrx_word' id='word_1_78' title='bbox 183 961 346 1009; x_wconf 81' lang='lat' dir='ltr'>claram</span> <span class='ocrx_word' id='word_1_79' title='bbox 370 959 660 1017; x_wconf 79' lang='lat' dir='ltr'>maiestatem,</span> <span class='ocrx_word' id='word_1_80' title='bbox 706 980 818 1026; x_wconf 88' lang='lat' dir='ltr'>quae</span> <span class='ocrx_word' id='word_1_81' title='bbox 845 961 906 1009; x_wconf 91' lang='lat' dir='ltr'>est</span> <span class='ocrx_word' id='word_1_82' title='bbox 934 961 1022 1010; x_wconf 80' lang='lat' dir='ltr'>sine</span> <span class='ocrx_word' id='word_1_83' title='bbox 1051 963 1177 1010; x_wconf 86' lang='lat' dir='ltr'>sensu</span> <span class='ocrx_word' id='word_1_84' title='bbox 1200 973 1245 1009; x_wconf 89' lang='lat' dir='ltr'>et</span> <span class='ocrx_word' id='word_1_85' title='bbox 1275 964 1588 1020; x_wconf 65' lang='lat' dir='ltr'>intelligentia!</span> <span class='ocrx_word' id='word_1_86' title='bbox 1668 995 1670 1002; x_wconf 35' lang='grc' dir='ltr'>ι</span> 
     </span>
    </p>
   </div>
   <div class='ocr_carea' id='block_1_5' title="bbox 182 1026 1595 1294">
    <p class='ocr_par' dir='ltr' id='par_1_6' title="bbox 182 1026 1595 1294">
     <span class='ocr_line' id='line_1_16' title="bbox 182 1026 1590 1095; baseline 0.001 -17"><span class='ocrx_word' id='word_1_87' title='bbox 182 1031 291 1078; x_wconf 83' lang='lat' dir='ltr'>Hac</span> <span class='ocrx_word' id='word_1_88' title='bbox 310 1033 455 1076; x_wconf 88' lang='lat' dir='ltr'>Deum</span> <span class='ocrx_word' id='word_1_89' title='bbox 478 1026 681 1078; x_wconf 72' lang='lat' dir='ltr'>delestari</span> <span class='ocrx_word' id='word_1_90' title='bbox 700 1029 911 1077; x_wconf 81' lang='lat' dir='ltr'>credibile</span> <span class='ocrx_word' id='word_1_91' title='bbox 930 1029 1011 1087; x_wconf 89' lang='lat' dir='ltr'>est,</span> <span class='ocrx_word' id='word_1_92' title='bbox 1053 1033 1130 1095; x_wconf 85' lang='lat' dir='ltr'>qui</span> <span class='ocrx_word' id='word_1_93' title='bbox 1151 1031 1265 1079; x_wconf 89' lang='lat' dir='ltr'>solos</span> <span class='ocrx_word' id='word_1_94' title='bbox 1283 1033 1415 1078; x_wconf 76' lang='lat' dir='ltr'>animi</span> <span class='ocrx_word' id='word_1_95' title='bbox 1437 1044 1590 1079; x_wconf 82' lang='lat' dir='ltr'>motus</span> 
     </span>
     <span class='ocr_line' id='line_1_17' title="bbox 185 1092 1591 1162; baseline 0.001 -17"><span class='ocrx_word' id='word_1_96' title='bbox 185 1095 243 1146; x_wconf 70' lang='lat' dir='ltr'>ab</span> <span class='ocrx_word' id='word_1_97' title='bbox 263 1097 380 1144; x_wconf 90' lang='lat' dir='ltr'>bene</span> <span class='ocrx_word' id='word_1_98' title='bbox 406 1092 643 1144; x_wconf 72' lang='lat' dir='ltr'>intelleffis</span> <span class='ocrx_word' id='word_1_99' title='bbox 669 1099 802 1147; x_wconf 90' lang='lat' dir='ltr'>rebus</span> <span class='ocrx_word' id='word_1_100' title='bbox 837 1097 999 1145; x_wconf 87' lang='lat' dir='ltr'>diuinis</span> <span class='ocrx_word' id='word_1_101' title='bbox 1029 1109 1155 1145; x_wconf 86' lang='lat' dir='ltr'>natos</span> <span class='ocrx_word' id='word_1_102' title='bbox 1185 1095 1380 1162; x_wconf 70' lang='lat' dir='ltr'>spestat‘?</span> <span class='ocrx_word' id='word_1_103' title='bbox 1445 1103 1591 1147; x_wconf 85' lang='lat' dir='ltr'>Immo</span> 
     </span>
     <span class='ocr_line' id='line_1_18' title="bbox 186 1163 1595 1227; baseline 0 -13"><span class='ocrx_word' id='word_1_104' title='bbox 186 1165 315 1214; x_wconf 80' lang='lat' dir='ltr'>nulla</span> <span class='ocrx_word' id='word_1_105' title='bbox 340 1163 466 1212; x_wconf 86' lang='lat' dir='ltr'>sacris</span> <span class='ocrx_word' id='word_1_106' title='bbox 496 1164 692 1212; x_wconf 87' lang='lat' dir='ltr'>maiestas</span> <span class='ocrx_word' id='word_1_107' title='bbox 728 1164 789 1212; x_wconf 88' lang='lat' dir='ltr'>est</span> <span class='ocrx_word' id='word_1_108' title='bbox 809 1183 912 1212; x_wconf 83' lang='lat' dir='ltr'>vera</span> <span class='ocrx_word' id='word_1_109' title='bbox 933 1177 976 1213; x_wconf 89' lang='lat' dir='ltr'>et</span> <span class='ocrx_word' id='word_1_110' title='bbox 996 1170 1096 1213; x_wconf 90' lang='lat' dir='ltr'>Deo</span> <span class='ocrx_word' id='word_1_111' title='bbox 1129 1165 1282 1227; x_wconf 81' lang='lat' dir='ltr'>digna,</span> <span class='ocrx_word' id='word_1_112' title='bbox 1327 1165 1403 1212; x_wconf 84' lang='lat' dir='ltr'>nifi</span> <span class='ocrx_word' id='word_1_113' title='bbox 1428 1185 1453 1212; x_wconf 88' lang='lat' dir='ltr'>e</span> <span class='ocrx_word' id='word_1_114' title='bbox 1482 1166 1595 1214; x_wconf 80' lang='lat' dir='ltr'>diui-</span> 
     </span>
     <span class='ocr_line' id='line_1_19' title="bbox 186 1229 1594 1294; baseline 0 -14"><span class='ocrx_word' id='word_1_115' title='bbox 186 1248 276 1280; x_wconf 79' lang='lat' dir='ltr'>nae</span> <span class='ocrx_word' id='word_1_116' title='bbox 305 1229 538 1279; x_wconf 86' lang='lat' dir='ltr'>maiestatis</span> <span class='ocrx_word' id='word_1_117' title='bbox 572 1244 618 1280; x_wconf 86' lang='lat' dir='ltr'>et</span> <span class='ocrx_word' id='word_1_118' title='bbox 645 1232 968 1281; x_wconf 84' lang='lat' dir='ltr'>beneficiorum</span> <span class='ocrx_word' id='word_1_119' title='bbox 1003 1234 1257 1280; x_wconf 86' lang='lat' dir='ltr'>diuinorum</span> <span class='ocrx_word' id='word_1_120' title='bbox 1287 1234 1594 1294; x_wconf 80' lang='lat' dir='ltr'>magnitudine</span> 
     </span>
    </p>
   </div>
   <div class='ocr_carea' id='block_1_6' title="bbox 188 1297 1679 1364">
    <p class='ocr_par' dir='ltr' id='par_1_7' title="bbox 188 1297 1679 1364">
     <span class='ocr_line' id='line_1_20' title="bbox 188 1297 1679 1364; baseline 0 -16"><span class='ocrx_word' id='word_1_121' title='bbox 188 1297 415 1349; x_wconf 63' lang='lat' dir='ltr'>intelleRa</span> <span class='ocrx_word' id='word_1_122' title='bbox 436 1309 482 1346; x_wconf 90' lang='lat' dir='ltr'>et</span> <span class='ocrx_word' id='word_1_123' title='bbox 506 1300 636 1364; x_wconf 85' lang='lat' dir='ltr'>plane</span> <span class='ocrx_word' id='word_1_124' title='bbox 656 1302 852 1361; x_wconf 88' lang='lat' dir='ltr'>cognita,</span> <span class='ocrx_word' id='word_1_125' title='bbox 886 1318 1194 1364; x_wconf 88' lang='lat' dir='ltr'>quaecumque</span> <span class='ocrx_word' id='word_1_126' title='bbox 1211 1301 1305 1347; x_wconf 78' lang='lat' dir='ltr'>aliis</span> <span class='ocrx_word' id='word_1_127' title='bbox 1324 1301 1455 1348; x_wconf 89' lang='lat' dir='ltr'>rebus</span> <span class='ocrx_word' id='word_1_128' title='bbox 1476 1300 1597 1348; x_wconf 87' lang='lat' dir='ltr'>senfi-</span> <span class='ocrx_word' id='word_1_129' title='bbox 1669 1316 1679 1323; x_wconf 67' lang='grc'>“·</span> 
     </span>
    </p>
   </div>
   <div class='ocr_carea' id='block_1_7' title="bbox 189 1366 1608 1432">
    <p class='ocr_par' dir='ltr' id='par_1_8' title="bbox 189 1366 1608 1432">
     <span class='ocr_line' id='line_1_21' title="bbox 189 1366 1608 1432; baseline 0 -16"><span class='ocrx_word' id='word_1_130' title='bbox 189 1366 352 1416; x_wconf 85' lang='lat' dir='ltr'>bilibus</span> <span class='ocrx_word' id='word_1_131' title='bbox 370 1378 602 1424; x_wconf 86' lang='lat' dir='ltr'>mouetur,</span> <span class='ocrx_word' id='word_1_132' title='bbox 644 1368 823 1432; x_wconf 87' lang='lat' dir='ltr'>puerilis</span> <span class='ocrx_word' id='word_1_133' title='bbox 845 1366 929 1425; x_wconf 89' lang='lat' dir='ltr'>est,</span> <span class='ocrx_word' id='word_1_134' title='bbox 970 1378 1015 1414; x_wconf 87' lang='lat' dir='ltr'>et</span> <span class='ocrx_word' id='word_1_135' title='bbox 1043 1386 1065 1414; x_wconf 81' lang='lat' dir='ltr'>a</span> <span class='ocrx_word' id='word_1_136' title='bbox 1092 1366 1317 1415; x_wconf 68' lang='lat' dir='ltr'>sanstitate</span> <span class='ocrx_word' id='word_1_137' title='bbox 1337 1367 1608 1416; x_wconf 80' lang='lat' dir='ltr'>Christiano--</span> 
     </span>
    </p>
   </div>
   <div class='ocr_carea' id='block_1_8' title="bbox 190 1434 1605 2379">
    <p class='ocr_par' dir='ltr' id='par_1_9' title="bbox 190 1434 1604 2295">
     <span class='ocr_line' id='line_1_22' title="bbox 190 1434 1600 1502; baseline 0.001 -20"><span class='ocrx_word' id='word_1_138' title='bbox 190 1453 300 1487; x_wconf 77' lang='lat' dir='ltr'>tum</span> <span class='ocrx_word' id='word_1_139' title='bbox 319 1434 542 1481; x_wconf 88' lang='lat' dir='ltr'>sacrorum</span> <span class='ocrx_word' id='word_1_140' title='bbox 561 1435 815 1482; x_wconf 85' lang='lat' dir='ltr'>abhorrens.</span> <span class='ocrx_word' id='word_1_141' title='bbox 858 1439 1009 1500; x_wconf 86' lang='lat' dir='ltr'>Atque</span> <span class='ocrx_word' id='word_1_142' title='bbox 1029 1438 1162 1483; x_wconf 82' lang='lat' dir='ltr'>etiam</span> <span class='ocrx_word' id='word_1_143' title='bbox 1182 1435 1335 1482; x_wconf 85' lang='lat' dir='ltr'>falsum</span> <span class='ocrx_word' id='word_1_144' title='bbox 1356 1434 1440 1482; x_wconf 80' lang='lat' dir='ltr'>effe</span> <span class='ocrx_word' id='word_1_145' title='bbox 1462 1442 1600 1502; x_wconf 82' lang='lat' dir='ltr'>patet,</span> 
     </span>
     <span class='ocr_line' id='line_1_23' title="bbox 192 1501 1603 1563; baseline 0.001 -13"><span class='ocrx_word' id='word_1_146' title='bbox 192 1503 245 1550; x_wconf 74' lang='lat' dir='ltr'>&#39;in</span> <span class='ocrx_word' id='word_1_147' title='bbox 271 1504 422 1563; x_wconf 77' lang='lat' dir='ltr'>lingua</span> <span class='ocrx_word' id='word_1_148' title='bbox 449 1502 582 1549; x_wconf 89' lang='lat' dir='ltr'>latina</span> <span class='ocrx_word' id='word_1_149' title='bbox 610 1501 805 1550; x_wconf 86' lang='lat' dir='ltr'>instituta</span> <span class='ocrx_word' id='word_1_150' title='bbox 844 1501 928 1550; x_wconf 80' lang='lat' dir='ltr'>effe</span> <span class='ocrx_word' id='word_1_151' title='bbox 965 1503 1078 1549; x_wconf 87' lang='lat' dir='ltr'>sacra</span> <span class='ocrx_word' id='word_1_152' title='bbox 1108 1502 1417 1550; x_wconf 88' lang='lat' dir='ltr'>Eucharistica:</span> <span class='ocrx_word' id='word_1_153' title='bbox 1487 1514 1534 1552; x_wconf 84' lang='lat' dir='ltr'>et</span> <span class='ocrx_word' id='word_1_154' title='bbox 1565 1501 1603 1551; x_wconf 80' lang='lat' dir='ltr'>fi</span> 
     </span>
     <span class='ocr_line' id='line_1_24' title="bbox 195 1567 1600 1634; baseline -0.001 -14"><span class='ocrx_word' id='word_1_155' title='bbox 195 1567 394 1620; x_wconf 84' lang='lat' dir='ltr'>maiestas</span> <span class='ocrx_word' id='word_1_156' title='bbox 413 1587 514 1617; x_wconf 84' lang='lat' dir='ltr'>vera</span> <span class='ocrx_word' id='word_1_157' title='bbox 532 1570 741 1616; x_wconf 88' lang='lat' dir='ltr'>accedere</span> <span class='ocrx_word' id='word_1_158' title='bbox 770 1569 915 1634; x_wconf 87' lang='lat' dir='ltr'>potest</span> <span class='ocrx_word' id='word_1_159' title='bbox 937 1568 1227 1616; x_wconf 81' lang='lat' dir='ltr'>Eucharistiae</span> <span class='ocrx_word' id='word_1_160' title='bbox 1255 1587 1281 1615; x_wconf 89' lang='lat' dir='ltr'>e</span> <span class='ocrx_word' id='word_1_161' title='bbox 1307 1571 1484 1632; x_wconf 83' lang='lat' dir='ltr'>linguae</span> <span class='ocrx_word' id='word_1_162' title='bbox 1501 1574 1600 1619; x_wconf 50' lang='lat' dir='ltr'>*eius</span> 
     </span>
     <span class='ocr_line' id='line_1_25' title="bbox 197 1634 1601 1704; baseline 0.001 -20"><span class='ocrx_word' id='word_1_163' title='bbox 197 1638 302 1700; x_wconf 74' lang='lat' dir='ltr'>vsu,</span> <span class='ocrx_word' id='word_1_164' title='bbox 355 1638 403 1683; x_wconf 83' lang='lat' dir='ltr'>in</span> <span class='ocrx_word' id='word_1_165' title='bbox 432 1653 517 1701; x_wconf 87' lang='lat' dir='ltr'>qua</span> <span class='ocrx_word' id='word_1_166' title='bbox 545 1635 738 1683; x_wconf 84' lang='lat' dir='ltr'>instituta</span> <span class='ocrx_word' id='word_1_167' title='bbox 773 1634 852 1692; x_wconf 87' lang='lat' dir='ltr'>est,</span> <span class='ocrx_word' id='word_1_168' title='bbox 918 1638 1088 1701; x_wconf 84' lang='lat' dir='ltr'>Syriaca</span> <span class='ocrx_word' id='word_1_169' title='bbox 1113 1635 1327 1684; x_wconf 78' lang='lat' dir='ltr'>Vtendum</span> <span class='ocrx_word' id='word_1_170' title='bbox 1361 1641 1462 1695; x_wconf 85' lang='lat' dir='ltr'>erit,</span> <span class='ocrx_word' id='word_1_171' title='bbox 1513 1656 1601 1704; x_wconf 69' lang='lat' dir='ltr'>qua</span> 
     </span>
     <span class='ocr_line' id='line_1_26' title="bbox 198 1701 1600 1767; baseline -0.001 -13"><span class='ocrx_word' id='word_1_172' title='bbox 198 1701 401 1754; x_wconf 85' lang='lat' dir='ltr'>Christus</span> <span class='ocrx_word' id='word_1_173' title='bbox 423 1705 523 1751; x_wconf 89' lang='lat' dir='ltr'>vsus</span> <span class='ocrx_word' id='word_1_174' title='bbox 544 1702 627 1760; x_wconf 88' lang='lat' dir='ltr'>est,</span> <span class='ocrx_word' id='word_1_175' title='bbox 669 1714 746 1751; x_wconf 85' lang='lat' dir='ltr'>aut</span> <span class='ocrx_word' id='word_1_176' title='bbox 769 1705 963 1751; x_wconf 85' lang='lat' dir='ltr'>Graeca:</span> <span class='ocrx_word' id='word_1_177' title='bbox 1017 1708 1063 1750; x_wconf 89' lang='lat' dir='ltr'>in</span> <span class='ocrx_word' id='word_1_178' title='bbox 1083 1721 1167 1767; x_wconf 88' lang='lat' dir='ltr'>qua</span> <span class='ocrx_word' id='word_1_179' title='bbox 1189 1708 1318 1751; x_wconf 87' lang='lat' dir='ltr'>etiam</span> <span class='ocrx_word' id='word_1_180' title='bbox 1343 1709 1513 1752; x_wconf 84' lang='lat' dir='ltr'>Romae</span> <span class='ocrx_word' id='word_1_181' title='bbox 1545 1704 1600 1753; x_wconf 86' lang='lat' dir='ltr'>ab</span> 
     </span>
     <span class='ocr_line' id='line_1_27' title="bbox 198 1761 1600 1832; baseline -0.001 -11"><span class='ocrx_word' id='word_1_182' title='bbox 198 1774 334 1822; x_wconf 83' lang='lat' dir='ltr'>initio</span> <span class='ocrx_word' id='word_1_183' title='bbox 347 1770 658 1818; x_wconf 66' lang='lat' dir='ltr'>Eucharistiam&#39;</span> <span class='ocrx_word' id='word_1_184' title='bbox 676 1773 879 1832; x_wconf 85' lang='lat' dir='ltr'>agitatam</span> <span class='ocrx_word' id='word_1_185' title='bbox 898 1761 1004 1825; x_wconf 65' lang='lat' dir='ltr'>effe&#39;,</span> <span class='ocrx_word' id='word_1_186' title='bbox 1027 1788 1129 1818; x_wconf 87' lang='lat' dir='ltr'>cum</span> <span class='ocrx_word' id='word_1_187' title='bbox 1149 1772 1240 1819; x_wconf 87' lang='lat' dir='ltr'>aliis</span> <span class='ocrx_word' id='word_1_188' title='bbox 1262 1772 1393 1820; x_wconf 89' lang='lat' dir='ltr'>rebus</span> <span class='ocrx_word' id='word_1_189' title='bbox 1414 1776 1600 1820; x_wconf 82' lang='lat' dir='ltr'>minime</span> 
     </span>
     <span class='ocr_line' id='line_1_28' title="bbox 203 1837 1602 1905; baseline 0 -18"><span class='ocrx_word' id='word_1_190' title='bbox 203 1839 347 1887; x_wconf 78' lang='lat' dir='ltr'>dubiis</span> <span class='ocrx_word' id='word_1_191' title='bbox 368 1838 519 1886; x_wconf 89' lang='lat' dir='ltr'>doceri</span> <span class='ocrx_word' id='word_1_192' title='bbox 538 1837 699 1904; x_wconf 84' lang='lat' dir='ltr'>potest,</span> <span class='ocrx_word' id='word_1_193' title='bbox 730 1849 849 1895; x_wconf 90' lang='lat' dir='ltr'>tum,</span> <span class='ocrx_word' id='word_1_194' title='bbox 882 1837 1007 1903; x_wconf 87' lang='lat' dir='ltr'>quod</span> <span class='ocrx_word' id='word_1_195' title='bbox 1026 1840 1196 1886; x_wconf 90' lang='lat' dir='ltr'>Graece</span> <span class='ocrx_word' id='word_1_196' title='bbox 1219 1839 1490 1897; x_wconf 85' lang='lat' dir='ltr'>Christianis,</span> <span class='ocrx_word' id='word_1_197' title='bbox 1523 1842 1602 1905; x_wconf 86' lang='lat' dir='ltr'>qui</span> 
     </span>
     <span class='ocr_line' id='line_1_29' title="bbox 201 1904 1603 1970; baseline -0.001 -14"><span class='ocrx_word' id='word_1_198' title='bbox 201 1911 372 1956; x_wconf 87' lang='lat' dir='ltr'>Romae</span> <span class='ocrx_word' id='word_1_199' title='bbox 392 1905 547 1962; x_wconf 83' lang='lat' dir='ltr'>effent,</span> <span class='ocrx_word' id='word_1_200' title='bbox 587 1924 681 1954; x_wconf 89' lang='lat' dir='ltr'>non</span> <span class='ocrx_word' id='word_1_201' title='bbox 699 1908 835 1953; x_wconf 86' lang='lat' dir='ltr'>latine</span> <span class='ocrx_word' id='word_1_202' title='bbox 857 1904 1022 1970; x_wconf 77' lang='lat' dir='ltr'>scripsit</span> <span class='ocrx_word' id='word_1_203' title='bbox 1040 1908 1210 1953; x_wconf 87' lang='lat' dir='ltr'>Paulus.</span> <span class='ocrx_word' id='word_1_204' title='bbox 1307 1914 1370 1955; x_wconf 87' lang='lat' dir='ltr'>At</span> <span class='ocrx_word' id='word_1_205' title='bbox 1401 1907 1603 1955; x_wconf 80' lang='lat' dir='ltr'>versioni-</span> 
     </span>
     <span class='ocr_line' id='line_1_30' title="bbox 202 1972 1604 2040; baseline -0.002 -16"><span class='ocrx_word' id='word_1_206' title='bbox 202 1975 289 2024; x_wconf 86' lang='lat' dir='ltr'>bus</span> <span class='ocrx_word' id='word_1_207' title='bbox 311 1975 556 2022; x_wconf 82' lang='lat' dir='ltr'>vernaeulis</span> <span class='ocrx_word' id='word_1_208' title='bbox 583 1976 667 2031; x_wconf 86' lang='lat' dir='ltr'>vti,</span> <span class='ocrx_word' id='word_1_209' title='bbox 704 1990 785 2040; x_wconf 89' lang='lat' dir='ltr'>per</span> <span class='ocrx_word' id='word_1_210' title='bbox 803 1973 1122 2035; x_wconf 86' lang='lat' dir='ltr'>indulgentiam</span> <span class='ocrx_word' id='word_1_211' title='bbox 1145 1972 1378 2027; x_wconf 74' lang='lat' dir='ltr'>Ecclesiae,</span> <span class='ocrx_word' id='word_1_212' title='bbox 1421 1973 1604 2039; x_wconf 76' lang='lat' dir='ltr'>poffunt</span> 
     </span>
     <span class='ocr_line' id='line_1_31' title="bbox 201 2040 1602 2108; baseline -0.001 -16"><span class='ocrx_word' id='word_1_213' title='bbox 201 2044 402 2108; x_wconf 76' lang='lat' dir='ltr'>imperiti</span> <span class='ocrx_word' id='word_1_214' title='bbox 448 2042 604 2089; x_wconf 90' lang='lat' dir='ltr'>latinae</span> <span class='ocrx_word' id='word_1_215' title='bbox 640 2043 829 2103; x_wconf 85' lang='lat' dir='ltr'>linguae.</span> <span class='ocrx_word' id='word_1_216' title='bbox 927 2041 1099 2088; x_wconf 86' lang='lat' dir='ltr'>Audio:</span> <span class='ocrx_word' id='word_1_217' title='bbox 1149 2040 1221 2088; x_wconf 89' lang='lat' dir='ltr'>sed</span> <span class='ocrx_word' id='word_1_218' title='bbox 1257 2042 1469 2106; x_wconf 83' lang='lat' dir='ltr'>quorsum</span> <span class='ocrx_word' id='word_1_219' title='bbox 1505 2041 1602 2090; x_wconf 77' lang='lat' dir='ltr'>istas</span> 
     </span>
     <span class='ocr_line' id='line_1_32' title="bbox 201 2107 1603 2174; baseline -0.001 -16"><span class='ocrx_word' id='word_1_220' title='bbox 201 2110 448 2171; x_wconf 72' lang='lat' dir='ltr'>ambages?</span> <span class='ocrx_word' id='word_1_221' title='bbox 491 2127 607 2174; x_wconf 88' lang='lat' dir='ltr'>quae</span> <span class='ocrx_word' id='word_1_222' title='bbox 635 2121 680 2157; x_wconf 87' lang='lat' dir='ltr'>et</span> <span class='ocrx_word' id='word_1_223' title='bbox 707 2109 822 2173; x_wconf 88' lang='lat' dir='ltr'>ipsae</span> <span class='ocrx_word' id='word_1_224' title='bbox 849 2107 1014 2156; x_wconf 86' lang='lat' dir='ltr'>habent</span> <span class='ocrx_word' id='word_1_225' title='bbox 1042 2109 1317 2156; x_wconf 86' lang='lat' dir='ltr'>incommodi</span> <span class='ocrx_word' id='word_1_226' title='bbox 1346 2110 1603 2173; x_wconf 87' lang='lat' dir='ltr'>plurimum,</span> 
     </span>
     <span class='ocr_line' id='line_1_33' title="bbox 201 2176 1604 2245; baseline 0.001 -19"><span class='ocrx_word' id='word_1_227' title='bbox 201 2178 465 2245; x_wconf 78' lang='lat' dir='ltr'>praesertim</span> <span class='ocrx_word' id='word_1_228' title='bbox 486 2176 605 2242; x_wconf 82' lang='lat' dir='ltr'>apud</span> <span class='ocrx_word' id='word_1_229' title='bbox 622 2176 821 2243; x_wconf 88' lang='lat' dir='ltr'>plebem,</span> <span class='ocrx_word' id='word_1_230' title='bbox 843 2194 953 2243; x_wconf 83' lang='lat' dir='ltr'>quae</span> <span class='ocrx_word' id='word_1_231' title='bbox 973 2194 1230 2243; x_wconf 85' lang='lat' dir='ltr'>comparare</span> <span class='ocrx_word' id='word_1_232' title='bbox 1248 2178 1380 2224; x_wconf 78' lang='lat' dir='ltr'>latina</span> <span class='ocrx_word' id='word_1_233' title='bbox 1399 2195 1502 2226; x_wconf 85' lang='lat' dir='ltr'>cum</span> <span class='ocrx_word' id='word_1_234' title='bbox 1511 2184 1604 2227; x_wconf 48' lang='lat' dir='ltr'>ver&amp;</span> 
     </span>
     <span class='ocr_line' id='line_1_34' title="bbox 204 2245 1290 2295; baseline -0.006 0"><span class='ocrx_word' id='word_1_235' title='bbox 204 2247 373 2295; x_wconf 67' lang='lat' dir='ltr'>naeuus</span> <span class='ocrx_word' id='word_1_236' title='bbox 397 2245 543 2292; x_wconf 87' lang='lat' dir='ltr'>nescit.</span> <span class='ocrx_word' id='word_1_237' title='bbox 1287 2268 1290 2271; x_wconf 38' lang='lat'>¹</span> 
     </span>
    </p>

    <p class='ocr_par' dir='ltr' id='par_1_10' title="bbox 303 2310 1605 2379">
     <span class='ocr_line' id='line_1_35' title="bbox 303 2310 1605 2379; baseline -0.001 -19"><span class='ocrx_word' id='word_1_238' title='bbox 303 2315 538 2379; x_wconf 79' lang='lat' dir='ltr'>Bingamus</span> <span class='ocrx_word' id='word_1_239' title='bbox 557 2310 806 2360; x_wconf 82' lang='lat' dir='ltr'>instituerat</span> <span class='ocrx_word' id='word_1_240' title='bbox 825 2312 968 2360; x_wconf 85' lang='lat' dir='ltr'>facere</span> <span class='ocrx_word' id='word_1_241' title='bbox 987 2314 1032 2358; x_wconf 87' lang='lat' dir='ltr'>in</span> <span class='ocrx_word' id='word_1_242' title='bbox 1055 2314 1206 2374; x_wconf 86' lang='lat' dir='ltr'>Origg.</span> <span class='ocrx_word' id='word_1_243' title='bbox 1222 2313 1340 2360; x_wconf 89' lang='lat' dir='ltr'>Eccl.</span> <span class='ocrx_word' id='word_1_244' title='bbox 1359 2315 1450 2359; x_wconf 90' lang='lat' dir='ltr'>XV.</span> <span class='ocrx_word' id='word_1_245' title='bbox 1476 2327 1516 2368; x_wconf 82' lang='lat'>3.</span> <span class='ocrx_word' id='word_1_246' title='bbox 1530 2328 1605 2373; x_wconf 82' lang='lat'>25.</span> 
     </span>
    </p>
   </div>
   <div class='ocr_carea' id='block_1_9' title="bbox 1669 1775 1682 2287">
    <p class='ocr_par' dir='ltr' id='par_1_11' title="bbox 1669 1775 1682 2287">
     <span class='ocr_line' id='line_1_36' title="bbox 1669 1775 1682 2287; textangle 90"><span class='ocrx_word' id='word_1_247' title='bbox 1675 2283 1680 2287; x_wconf 76' lang='grc'>-,</span> <span class='ocrx_word' id='word_1_248' title='bbox 1678 2253 1682 2259; x_wconf 40' lang='grc' dir='ltr'><strong>Α</strong></span> <span class='ocrx_word' id='word_1_249' title='bbox 1679 2237 1682 2242; x_wconf 90' lang='grc'>.</span> <span class='ocrx_word' id='word_1_250' title='bbox 1669 2052 1682 2229; x_wconf 51' lang='lat' dir='ltr'>-u--ssffln</span> <span class='ocrx_word' id='word_1_251' title='bbox 1673 1827 1682 2042; x_wconf 42' lang='lat' dir='ltr'>*Anam-mmm...</span> <span class='ocrx_word' id='word_1_252' title='bbox 1673 1775 1682 1810; x_wconf 53' lang='lat' dir='ltr'>nn*</span> 
     </span>
    </p>
   </div>
   <div class='ocr_carea' id='block_1_10' title="bbox 202 2371 1682 2579">
    <p class='ocr_par' dir='ltr' id='par_1_12' title="bbox 202 2371 1682 2579">
     <span class='ocr_line' id='line_1_37' title="bbox 202 2371 1682 2446; baseline -0.001 -19"><span class='ocrx_word' id='word_1_253' title='bbox 202 2380 353 2446; x_wconf 80' lang='lat' dir='ltr'>quod,</span> <span class='ocrx_word' id='word_1_254' title='bbox 373 2392 421 2429; x_wconf 86' lang='lat' dir='ltr'>vt</span> <span class='ocrx_word' id='word_1_255' title='bbox 440 2381 571 2444; x_wconf 86' lang='lat' dir='ltr'>supra</span> <span class='ocrx_word' id='word_1_256' title='bbox 590 2380 799 2437; x_wconf 85' lang='lat' dir='ltr'>diximus,</span> <span class='ocrx_word' id='word_1_257' title='bbox 827 2380 1031 2444; x_wconf 84' lang='lat' dir='ltr'>pluribus</span> <span class='ocrx_word' id='word_1_258' title='bbox 1053 2380 1213 2427; x_wconf 83' lang='lat' dir='ltr'>fecerat</span> <span class='ocrx_word' id='word_1_259' title='bbox 1230 2391 1335 2428; x_wconf 80' lang='lat' dir='ltr'>ante</span> <span class='ocrx_word' id='word_1_260' title='bbox 1353 2381 1607 2437; x_wconf 69' lang='lat' dir='ltr'>mendcans,</span> <span class='ocrx_word' id='word_1_261' title='bbox 1671 2371 1682 2418; x_wconf 45' lang='grc' dir='ltr'>’ὲ</span> 
     </span>
     <span class='ocr_line' id='line_1_38' title="bbox 206 2445 1682 2515; baseline -0.001 -19"><span class='ocrx_word' id='word_1_262' title='bbox 206 2457 260 2496; x_wconf 76' lang='lat' dir='ltr'>vt</span> <span class='ocrx_word' id='word_1_263' title='bbox 280 2465 333 2494; x_wconf 86' lang='lat' dir='ltr'>ex</span> <span class='ocrx_word' id='word_1_264' title='bbox 352 2448 448 2511; x_wconf 82' lang='lat' dir='ltr'>ipso</span> <span class='ocrx_word' id='word_1_265' title='bbox 467 2446 624 2496; x_wconf 82' lang='lat' dir='ltr'>Mifl&#39;ae</span> <span class='ocrx_word' id='word_1_266' title='bbox 646 2452 828 2496; x_wconf 88' lang='lat' dir='ltr'>Canone</span> <span class='ocrx_word' id='word_1_267' title='bbox 849 2445 1118 2515; x_wconf 80' lang='lat' dir='ltr'>ostenderet,</span> <span class='ocrx_word' id='word_1_268' title='bbox 1153 2459 1320 2495; x_wconf 85' lang='lat' dir='ltr'>veteres</span> <span class='ocrx_word' id='word_1_269' title='bbox 1336 2465 1607 2513; x_wconf 67' lang='grc' dir='ltr'><strong><em>ιμεταμος·</em></strong></span> <span class='ocrx_word' id='word_1_270' title='bbox 1676 2459 1682 2514; x_wconf 59' lang='lat' dir='ltr'>f</span> 
     </span>
     <span class='ocr_line' id='line_1_39' title="bbox 210 2512 1682 2579; baseline -0.003 -16"><span class='ocrx_word' id='word_1_271' title='bbox 210 2512 399 2579; x_wconf 80' lang='grc' dir='ltr'><strong><em>φώσεως</em></strong></span> <span class='ocrx_word' id='word_1_272' title='bbox 429 2518 643 2579; x_wconf 84' lang='lat' dir='ltr'>opinione</span> <span class='ocrx_word' id='word_1_273' title='bbox 673 2517 838 2564; x_wconf 84' lang='lat' dir='ltr'>alienos</span> <span class='ocrx_word' id='word_1_274' title='bbox 864 2514 1011 2574; x_wconf 59' lang='lat' dir='ltr'>finis«,</span> <span class='ocrx_word' id='word_1_275' title='bbox 1053 2526 1100 2562; x_wconf 81' lang='lat' dir='ltr'>et</span> <span class='ocrx_word' id='word_1_276' title='bbox 1128 2517 1308 2579; x_wconf 87' lang='lat' dir='ltr'>quidem</span> <span class='ocrx_word' id='word_1_277' title='bbox 1336 2531 1374 2563; x_wconf 79' lang='lat' dir='ltr'>e.</span> <span class='ocrx_word' id='word_1_278' title='bbox 1395 2531 1430 2561; x_wconf 86' lang='lat' dir='ltr'>c.</span> <span class='ocrx_word' id='word_1_279' title='bbox 1458 2531 1509 2560; x_wconf 82' lang='lat' dir='ltr'>ex</span> <span class='ocrx_word' id='word_1_280' title='bbox 1537 2532 1608 2571; x_wconf 80' lang='lat' dir='ltr'>eo,</span> <span class='ocrx_word' id='word_1_281' title='bbox 1677 2531 1682 2578; x_wconf 78' lang='lat'>¹}</span> 
     </span>
    </p>
   </div>
   <div class='ocr_carea' id='block_1_11' title="bbox 208 2580 1609 2650">
    <p class='ocr_par' dir='ltr' id='par_1_13' title="bbox 208 2580 1609 2650">
     <span class='ocr_line' id='line_1_40' title="bbox 208 2580 1609 2650; baseline -0.001 -20"><span class='ocrx_word' id='word_1_282' title='bbox 208 2581 335 2650; x_wconf 85' lang='lat' dir='ltr'>quod</span> <span class='ocrx_word' id='word_1_283' title='bbox 354 2580 454 2647; x_wconf 88' lang='lat' dir='ltr'>post</span> <span class='ocrx_word' id='word_1_284' title='bbox 482 2584 858 2632; x_wconf 76' lang='lat' dir='ltr'>consecrationem</span> <span class='ocrx_word' id='word_1_285' title='bbox 875 2586 996 2631; x_wconf 87' lang='lat' dir='ltr'>Deus</span> <span class='ocrx_word' id='word_1_286' title='bbox 1015 2593 1217 2644; x_wconf 84' lang='lat' dir='ltr'>rogatur,</span> <span class='ocrx_word' id='word_1_287' title='bbox 1257 2594 1307 2629; x_wconf 79' lang='lat' dir='ltr'>vt</span> <span class='ocrx_word' id='word_1_288' title='bbox 1335 2586 1438 2630; x_wconf 75' lang='lat' dir='ltr'>dona</span> <span class='ocrx_word' id='word_1_289' title='bbox 1465 2582 1609 2629; x_wconf 74' lang='lat' dir='ltr'>oblata</span> 
     </span>
    </p>
   </div>
   <div class='ocr_carea' id='block_1_12' title="bbox 206 2648 1674 2766">
    <p class='ocr_par' dir='ltr' id='par_1_14' title="bbox 206 2648 1682 2766">
     <span class='ocr_line' id='line_1_41' title="bbox 206 2648 1609 2766; baseline 0.001 -68"><span class='ocrx_word' id='word_1_290' title='bbox 206 2652 426 2715; x_wconf 68' lang='lat' dir='ltr'>propitius</span> <span class='ocrx_word' id='word_1_291' title='bbox 450 2654 649 2715; x_wconf 75' lang='lat' dir='ltr'>accipiat,</span> <span class='ocrx_word' id='word_1_292' title='bbox 691 2661 739 2700; x_wconf 79' lang='lat' dir='ltr'>vt</span> <span class='ocrx_word' id='word_1_293' title='bbox 768 2655 972 2717; x_wconf 79' lang='lat' dir='ltr'>quendam</span> <span class='ocrx_word' id='word_1_294' title='bbox 996 2666 1167 2700; x_wconf 74' lang='lat' dir='ltr'>munera</span> <span class='ocrx_word' id='word_1_295' title='bbox 1192 2649 1359 2710; x_wconf 73' lang='lat' dir='ltr'>Abelis,</span> <span class='ocrx_word' id='word_1_296' title='bbox 1396 2648 1609 2766; x_wconf 46' lang='lat' dir='ltr'>Azan?</span> 
     </span>
     <span class='ocr_line' id='line_1_42' title="bbox 1493 2734 1674 2764; baseline 0 0"><span class='ocrx_word' id='word_1_297' title='bbox 1493 2734 1513 2764; x_wconf 85' lang='lat' dir='ltr'>e</span> <span class='ocrx_word' id='word_1_298' title='bbox 1530 2734 1547 2763; x_wconf 87' lang='lat' dir='ltr'><em>c</em></span> <span class='ocrx_word' id='word_1_299' title='bbox 1593 2741 1609 2753; x_wconf 90' lang='lat'>-</span> <span class='ocrx_word' id='word_1_300' title='bbox 1672 2738 1674 2740; x_wconf 95' lang='lat'>·</span> 
     </span>
    </p>
   </div>
  </div>
 </body>
</html>
