1682 3068
450 203 511 234 ΙΙ
553 198 854 232 RELIGIONE
907 198 1319 232 coNSrITvznnA
1492 194 1591 245 227

181 320 273 372 qu'e
293 307 400 363 duas
418 304 580 373 ῥητῶς,
606 303 805 365 alteram,
834 323 948 370 quae
970 307 1077 354 effet
1096 307 1140 353 in
1161 303 1404 371 typo,fiue
1419 322 1470 360 re
1493 304 1587 352 sen-

179 377 312 432 fibili,
349 393 465 441 quae
491 373 772 422 adumbraoet
801 372 921 420 bona
955 375 1128 428 futura,
1170 376 1352 422 alteram
1380 376 1588 436 antitypi·

181 446 297 499 cam,
325 444 368 495 h.
386 459 424 491 e.
445 441 560 489 bona
581 441 679 506 ipsa,
712 457 829 505 quae
855 441 903 486 in
926 441 1197 489 sensibilibus
1218 441 1352 489 rebus
1369 440 1587 501 intellige-

179 523 365 562 rentur:
400 507 603 566 efficitur,
633 518 684 556 vt
706 510 842 554 etiam
870 511 921 555 in
939 510 1235 556 sacramentis
1265 509 1398 556 fuerit
1416 519 1585 556 vtrum-

177 575 529 644 quehsenfibilis
563 586 610 622 et
638 572 933 637 intelligibilis
962 593 1045 622 res,
1110 579 1197 624 His
1227 575 1487 630 constitutiS,
1525 576 1586 623 se·

154 669 156 671 ’
176 649 345 712 quim,
365 656 422 698 π
438 646 484 691 in
503 646 798 690 Sacramentis
820 647 873 690 V.
898 646 957 689 T.
989 644 1074 691 trIa
1101 641 1257 691 infint:
1293 647 1486 708 primum
1507 644 1583 691 ali-

178 713 287 780 qnid
298 711 500 778 praesens
520 722 566 757 et
583 710 778 759 sensibus
798 707 1058 768 subieEium‚
1081 712 1128 757 in
1143 729 1233 775 quo
1254 710 1354 758 infit
1373 729 1437 768 ea,
1448 729 1585 775 quam

175 791 390 833 terrenam
407 796 496 826 rem
516 790 703 826 vocant:
737 779 942 833 alterum,
970 796 1040 826 res
1062 782 1221 842 typica,
1256 796 1385 842 quam
1406 791 1583 827 terrena

172 845 485 909 ilhfignificet
512 847 727 912 proxime,
757 857 805 892 et
832 844 925 892 fine
951 844 1190 893 interiestu
1210 846 1405 900 alterius,
1439 865 1582 910 eaque

155 913 412 971 v-inuifibiliffi
442 931 535 961 non
557 931 640 977 per
659 913 712 970 se,
748 912 820 960 sed
849 931 934 978 qua
957 911 1020 960 est
1047 916 1095 960 in
1115 913 1349 978 promiffo:
1381 917 1582 972 tertium,

158 1000 244 1038 ,res
262 984 517 1047 antitypica,
534 983 670 1046 plane
689 981 761 1028 illa
780 979 1037 1028 insensibilis
1055 994 1189 1046 atque
1209 979 1418 1029 eoelestis.
1454 985 1582 1029 Haec

169 1053 259 1100 iam
276 1052 330 1100 ad
349 1062 589 1114 vtrumque
609 1051 661 1095 V.
672 1053 731 1095 T.
743 1052 1071 1113 Sacramentum
1094 1048 1433 1104 transferemus,
1446 1067 1581 1114 quae-

171 1135 414 1183 remusque
447 1115 632 1180 aliquid,
674 1118 799 1163 cuius
837 1116 1008 1177 signum
1046 1117 1183 1164 fuerit
1220 1116 1494 1164 circumcisio
1534 1130 1581 1165 et

172 1203 315 1247 agnus
341 1184 566 1238 aschalis,
599 1183 811 1249 quodque
845 1186 963 1231 idem
993 1183 1283 1248 intelligibilis
1310 1187 1496 1233 alicuius
1532 1198 1581 1233 et

172 1249 372 1301 coelestis
389 1251 499 1299 boni
517 1248 880 1312 significationem
899 1250 1115 1300 habuerit.

270 1405 350 1450 44.
369 1389 442 1432 De
465 1386 771 1450 Circumciflone
794 1388 931 1447 igitur
954 1387 1011 1435 {ic
1030 1391 1288 1453 reperietur,
1299 1391 1453 1452 Genesi
1472 1388 1586 1446 XV,

178 1467 254 1511 13.
291 1452 391 1519 post
416 1453 543 1516 saepe
570 1455 777 1516 repetitas
810 1455 1138 1517 promiffiones,
1171 1461 1295 1503 Deus
1326 1457 1580 1504 Abrahamo

170 1523 390 1589 proponit
407 1520 742 1583 promissionem
771 1532 927 1576 terrae,
968 1524 1151 1586 posteris
1184 1527 1279 1571 eius
1304 1525 1582 1579 habitandae,

173 1589 300 1655 quod
329 1586 391 1634 est
426 1587 636 1634 hebraice
662 1591 847 1651 fhedus:
901 1607 1041 1654 eaque
1088 1594 1311 1656 repetitur
1338 1586 1580 1640 distinffius

170 1676 204 1707 ι.
220 1657 382 1706 XVII.
413 1656 493 1711 ita,
521 1666 571 1702 vt
592 1666 784 1720 ponatur
806 1659 955 1721 primo
976 1660 1085 1722 ipfia‚
1118 1659 1276 1706 deinde
1295 1660 1496 1707 conditio
1515 1661 1580 1706 fe-

168 1737 297 1777 ratur
324 1721 580 1771 Abrahamo
612 1723 969 1771 circumcissonis.
1040 1726 1171 1774 Vnde
1201 1725 1481 1774 manifestum
1506 1726 1581 1783 est,

167 1811 269 1841 rem
290 1793 490 1855 proxime
509 1789 790 1851 significatam
814 1793 1142 1842 circumcisione
1165 1793 1248 1842 effe
1267 1793 1580 1859 possessionem
1631 1822 1634 1824 ‡

170 1871 316 1909 terrae
347 1862 612 1911 cananaeae,
657 1857 901 1921 posteritati
925 1861 1166 1910 Abrahami
1194 1861 1441 1928 promiss'ae,
1507 1866 1581 1909 Et·

170 1929 291 1974 enim
311 1927 359 1972 in
382 1925 572 1972 formula
591 1924 709 1989 quasi
727 1927 918 1974 foederis
951 1928 1150 1988 instituti,
1179 1929 1418 1978 necess‘ario
1442 1929 1577 1976 debet

170 1995 359 2058 exprimi
381 2010 452 2038 res
473 1990 704 2052 significata
725 1993 948 2057 symboli3‚
978 2009 1027 2043 vt
1045 2000 1091 2044 in
1114 2003 1153 2045 S.
1177 2002 1327 2051 Coena
1352 2010 1398 2044 et
1417 1998 1579 2061 Baptis-

169 2077 264 2121 mo.
330 2057 414 2104 Sed
435 2061 551 2122 quia,
581 2072 628 2106 vt
644 2071 750 2106 ante
772 2061 1187 2122 demonstrauimus,
1206 2068 1252 2113 in
1275 2069 1325 2113 V.
1348 2070 1405 2112 T.
1425 2067 1581 2111 omnia

167 2127 273 2175 sunt
291 2127 455 2190 typica,
473 2124 565 2172 {ine
581 2125 833 2190 symbolica,
860 2130 967 2177 haec
987 2151 1169 2198 quoque
1188 2151 1258 2180 res
1279 2133 1377 2180 talis
1397 2131 1483 2178 effe
1502 2128 1586 2178 deax

168 2193 270 2251 bet,
311 2192 463 2257 estque
490 2193 600 2240 adeo
632 2193 883 2256 symbolum
911 2199 1106 2246 coelestis
1126 2203 1315 2265 patriae,
1352 2202 1578 2253 Canaanis,

168 2263 353 2327 quietis,
390 2277 472 2325 per
502 2254 658 2308 christi
695 2263 951 2324 sanguinem
988 2279 1152 2331 partae.
1230 2274 1356 2323 Quae
1390 2266 1577 2314 mirifice:

169 2327 497 2377 confirmantur
514 2327 882 2392 disputationibus
903 2336 1048 2389 Paulli,
1072 2334 1236 2398 quibus
1254 2353 1337 2399 per
1356 2339 1578 2383 cananae--

169 2415 241 2444 am
270 2407 435 2443 terram
465 2394 702 2444 coelestem
741 2397 995 2447 felicitatem
1029 2401 1332 2449 adumbratam
1372 2400 1577 2459 ostendit,

165 2467 279 2514 Ebr.
301 2467 401 2521 III,
430 2474 500 2520 18.
533 2464 612 2519 IV,
634 2481 674 2523 3.
684 2463 777 2530 sqq.
811 2467 897 2519 ΧΙ,
923 2485 995 2515 10.
1010 2471 1107 2534 sqq.
1176 2468 1346 2525 Quodfi
1378 2469 1576 2517 Christus

167 2533 274 2595 ipse,
297 2543 375 2578 aut
394 2529 509 2577 bona
530 2533 638 2586 eiUS,
659 2530 752 2578 fine
770 2537 948 2597 typicae
969 2538 1034 2582 rei
1053 2539 1312 2585 interuentu
1333 2535 1575 2597 significata

167 2599 350 2646 fuerunt
370 2600 414 2644 in
438 2599 527 2645 hoc
546 2603 832 2647 Sacramento
846 2638 856 2655 ,
883 2606 1037 2666 quaeri
1055 2604 1224 2668 potest,
1255 2623 1335 2651 cur
1356 2606 1574 2652 abolitum

167 2664 244 2726 fit,
274 2668 408 2733 idque
425 2665 546 2716 etde
565 2673 700 2733 Agno
722 2670 910 2734 paschali
933 2672 1060 2720 valet.
1094 2675 1339 2737 Enimuero
1363 2672 1423 2721 est
1442 2672 1575 2720 aboli-

897 2742 930 2784 P
965 2758 991 2787 2
1464 2755 1574 2795 tum,
