1682 3068
190 158 261 206 60.
752 149 806 207 'A
841 177 998 208 nr:

187 277 347 329 Christi
367 281 476 326 mala
504 277 591 327 fide
622 280 785 330 inserto
813 282 950 330 verbo
977 285 1163 346 amplius.
1259 287 1403 333 Hunc
1429 285 1582 336 locum
1655 255 1659 284 ἶ

184 350 326 410 igitur
338 348 483 412 lustina·
501 347 574 395 etfi
592 346 788 396 sufficere
806 350 995 398 arbitror
1007 354 1244 408 iuuentuti,
1273 355 1373 416 quia
1390 350 1451 400 est
1468 357 1582 403 anti·
1657 360 1667 388 ·“

183 414 436 480 (Ῑηὶίῖἱιῃιιε,
467 425 513 462 et
531 415 804 472 clariffirnus,
844 429 889 465 et
907 418 1074 466 sumtus
1097 437 1122 466 e
1143 422 1394 467 narratione
1411 422 1578 487 Apolo-

183 494 338 545 getae,
370 494 417 530 et
438 482 707 531 Profeffione
722 483 848 540 fidei,
892 485 1106 534 Ecclesiae
1129 488 1316 533 nomine
1336 486 1470 543 edita,
1505 489 1580 538 vbi

180 552 317 597 nullis
326 551 545 612 allegoriis
564 554 805 615 tropisque,
822 566 898 600 aut
918 554 1169 602 durioribus
1188 554 1343 602 formis
1354 555 1584 618 Qoquendi

178 619 306 665 locus
325 616 406 674 est,
445 629 493 665 vt
522 619 568 664 in
589 619 896 669 Concionibus
925 619 1215 686 popularibus
1243 632 1289 669 et
1318 621 1438 670 libris
1458 626 1575 671 Con-

177 683 491 733 trouerfiarum
512 687 762 750 praesertim
787 704 966 744 eorum,
999 690 1070 737 vel
1089 688 1146 736 de
1168 690 1350 736 Graecis
1371 690 1440 736 vel
1463 693 1577 743 Lati·

175 755 266 807 nis,
297 754 501 808 Parrum,
533 755 611 816 qui
629 756 909 817 eloquentiae
927 756 1023 813 vsu,
1061 758 1130 804 vel
1150 756 1260 804 adeo
1281 754 1582 806 ostentatione

174 821 330 879 ablati,
372 831 449 868 aut
475 819 725 884 disputandi
755 822 913 870 ardore
941 824 1064 880 elati,
1109 823 1293 871 subinde
1318 825 1574 874 insolentius
1655 860 1659 866 -

173 889 445 953 loquuntur:
479 899 631 935 tamen
650 891 690 936 ei
708 888 888 951 adiungi
911 907 1003 938 non
1024 892 1215 939 alienum
1236 890 1298 937 est
1314 891 1501 956 aliquem
1519 911 1575 942 ex
1618 943 1634 946 ,.

172 956 257 1011 his,
277 972 390 1019 quae
413 974 434 1002 a
456 955 841 1020 deprauationibus
858 958 1437 1014 MuratoriivindicauimuS,
1451 961 1572 1008 velut
1639 988 1644 990 -

169 1023 393 1088 Augustini
413 1023 561 1070 illum:
598 1026 725 1087 Quod
742 1029 886 1072 videtis
898 1030 1024 1088 panis
1043 1026 1100 1088 cst
1118 1035 1156 1073 et
1175 1029 1312 1073 calix:
1346 1027 1572 1091 quodfides
1653 1043 1655 1046 ⁴

170 1091 304 1154 vestra
326 1093 521 1154 intelligit
535 1109 687 1154 corpus
701 1093 856 1155 Christi
873 1103 915 1140 et
921 1095 1100 1158 sanguis
1112 1094 1153 1139 C
1149 1094 1265 1156 bristi
1299 1121 1316 1129 ·
1339 1122 1356 1131 -
1386 1121 1404 1129 -
1439 1097 1576 1142 Pani&
1598 1149 1602 1151 ‚
1635 1131 1643 1151 Ι,

168 1161 249 1214 ille,
268 1176 385 1224 quem
405 1162 552 1206 videtis
567 1164 609 1208 in
627 1162 757 1207 altari
790 1187 805 1195 ·
835 1189 849 1195 -
879 1162 936 1223 est
955 1177 1105 1223 corpus
1123 1161 1282 1224 Christi
1291 1179 1308 1214 ;
1335 1173 1413 1209 aut
1438 1163 1575 1209 Heo-

169 1231 324 1283 doreti‚
382 1227 577 1290 symbola
609 1229 707 1292 post
737 1229 1079 1291 conficrationem
1106 1245 1186 1276 non
1213 1233 1394 1276 recedere
1433 1248 1460 1276 a
1481 1230 1569 1292 sua

165 1303 344 1352 natura,
389 1298 578 1350 dicentis,
617 1296 701 1357 fid
717 1312 880 1342 manere
897 1299 939 1342 in
953 1299 1096 1356 priori
1109 1296 1344 1358 fiaebflantia
1365 1295 1567 1360 etfigura

167 1371 210 1408 et
215 1363 380 1424 forma.
446 1366 563 1407 Nam
586 1361 694 1408 haec
711 1361 811 1407 sunt
828 1361 1079 1427 perspicua,
1109 1376 1249 1426 eaque
1269 1361 1298 1408 fi
1318 1364 1415 1427 quis
1432 1364 1567 1410 inter-

164 1428 387 1493 pretando
408 1429 452 1475 in
473 1429 608 1474 alium
645 1429 815 1475 sensum
849 1441 1113 1476 conuertere
1141 1440 1309 1486 tentat,
1354 1429 1443 1476 hoc
1470 1429 1564 1494 ipso

162 1513 259 1542 rem
289 1494 785 1554 facit.manifestiorem,
829 1514 930 1544 cum
958 1497 1087 1551 nihil,
1125 1497 1245 1560 quod
1275 1513 1367 1543 non
1398 1496 1562 1546 durum
1644 1507 1646 1510 ’

163 1574 515 1627 contortumque
534 1562 606 1620 fit,
637 1563 826 1627 proferri
845 1564 986 1628 possit‚
1017 1581 1104 1627 quo
1125 1563 1296 1610 nullum
1318 1565 1478 1611 certius
1499 1561 1561 1611 est

151 1631 288 1678 falsae
309 1633 686 1695 interpretationie
706 1642 752 1678 et
771 1632 1012 1678 calumniae
1036 1629 1221 1692 iignum.
1629 1632 1633 1633 ⁷

255 1702 344 1745 Iam
370 1701 415 1745 in
444 1701 633 1749 Veritate
665 1700 873 1759 Corporis
903 1707 944 1746 et
961 1699 1182 1763 fiznguinis
1211 1697 1388 1763 Christi,
1425 1714 1559 1762 quam

158 1783 212 1813 ex
240 1768 374 1814 altera
404 1778 526 1830 parte
554 1778 819 1830 oppugnant
849 1768 901 1820 ii,
950 1768 1025 1828 qui
1063 1766 1302 1829 Reformati
1329 1775 1556 1823 vocantur,
1636 1767 1639 1771 ’

142 1835 260 1881 ντοι·
281 1834 440 1880 eodem
461 1834 618 1897 Iustino
640 1832 842 1888 austore,
872 1833 1048 1889 iisdem,
1083 1833 1244 1895 quibus
1265 1843 1365 1879 ante
1390 1830 1582 1883 distum-

156 1899 237 1956 est,
278 1901 334 1947 de
365 1899 536 1957 cauffi3‚
587 1911 632 1947 et
657 1904 758 1965 quia
787 1903 834 1947 in
861 1899 1180 1948 narrationibus
1209 1899 1550 1962 interpretandis
1630 1915 1635 1924 ·

155 1986 251 2016 non
271 1980 359 2016 tam
381 1968 505 2016 facile
532 1970 680 2022 iocum
701 1969 933 2032 reperiunt
950 1971 1248 2029 argutationes
1261 1985 1296 2014 :'=
1315 1964 1358 2014 ὃν
1379 1963 1551 2035 τρόπον,

152 2039 300 2101 inquit
321 2034 505 2083 lustinus
518 2073 528 2092 ,
564 2036 683 2083 Iesus
702 2034 894 2083 Christus
914 2033 1274 2102 cagnmromSeic,
1306 2032 1379 2094 naq*
1398 2032 1554 2100 σάςκοι

152 2103 226 2166 κα)
245 2104 365 2166 αἷμα
383 2103 528 2166 ἔσχεν,
571 2103 680 2157 ἕτως
699 2102 770 2164 καθ’
797 2101 869 2155 τήν
899 2102 1275 2169 εὐχαξιςηθεῖσαν
1296 2100 1451 2172 τςοφὴν
1485 2129 1501 2137 -
1531 2129 1558 2142 -·

151 2170 286 2226 {using
314 2175 369 2222 τὲ
397 2171 786 2238 σαξκοποιηθέντος
814 2171 925 2223 'Invi
946 2186 1012 2238 Χξ.
1033 2171 1106 2232 καὶ
1145 2168 1302 2237 σάρκα
1328 2167 1400 2230 καὶ
1427 2168 1558 2231 αἷμα

152 2235 450 2303 ἐδιδάχθημεν
475 2239 592 2299 εἶναψ
699 2242 838 2304 Atqui
869 2257 1004 2286 nemo
1033 2239 1168 2286 hodie
1196 2238 1412 2294 dubitat,·
1441 2238 1559 2301 quin,

149 2308 266 2355 filius
277 2312 359 2354 Dei
382 2325 483 2355 vera
503 2324 632 2356 carne
651 2319 696 2354 et
705 2325 809 2355 vero
830 2307 1038 2367 sanguine
1055 2307 1237 2354 indutus
1254 2306 1408 2354 fuerit:
1430 2302 1556 2350 vnde·

85 2419 102 2437 ,
148 2391 235 2422 nec
253 2378 463 2422 conuenit
486 2375 709 2432 dubitare,
736 2377 840 2439 quin
861 2375 1052 2438 Iustinus,
1082 2385 1217 2439 atque
1235 2371 1555 2435 adeo‘illorum;
1613 2374 1625 2381 ’

147 2454 406 2506 temporum
431 2441 659 2490 Christiani
691 2442 976 2499 crediderint,
1022 2459 1176 2490 verum
1203 2455 1368 2504 corpus
1388 2449 1435 2485 et
1452 2437 1555 2485 san-.
1619 2479 1622 2483 ,

147 2511 328 2571 guinem
351 2509 507 2557 Christi
530 2513 575 2557 in
594 2514 632 2557 S.
657 2514 808 2558 Coena
828 2509 952 2556 sumi.
1028 2510 1114 2558 Sed
1141 2511 1188 2555 in
1207 2508 1297 2554 hoc
1324 2507 1428 2553 loco
1447 2521 1543 2552 non

144 2578 296 2624 minus
316 2579 472 2624 misere
492 2577 532 2623 se
558 2589 773 2642 torquent
801 2578 884 2632 illi,
921 2594 1056 2641 quam
1082 2577 1270 2624 Romani
1299 2572 1553 2633 Theologi..>
1616 2619 1619 2626 s

147 2647 205 2692 Et
222 2646 391 2710 primo,
436 2646 536 2711 quia
554 2645 626 2692 illa
645 2645 776 2694 verba
792 2640 834 2694 ὃν
852 2642 1008 2711 τξόπον
1026 2657 1072 2693 et
1089 2639 1198 2700 ἕτως
1215 2640 1345 2690 nobis
1370 2639 1549 2695 fauent„
1583 2689 1590 2691 ,

526 2718 539 2726 Χ
1362 2717 1537 2769 negant,
