<?xml version="1.0" encoding="UTF-8"?>
<!DOCTYPE html PUBLIC "-//W3C//DTD XHTML 1.0 Transitional//EN"
    "http://www.w3.org/TR/xhtml1/DTD/xhtml1-transitional.dtd">
<html xmlns="http://www.w3.org/1999/xhtml" xml:lang="en" lang="en">
 <head>
  <title>
</title>
<meta http-equiv="Content-Type" content="text/html;charset=utf-8" />
  <meta name='ocr-system' content='tesseract 3.04.00' />
  <meta name='ocr-capabilities' content='ocr_page ocr_carea ocr_par ocr_line ocrx_word'/>
</head>
<body>
  <div class='ocr_page' id='page_1' title='image "./opusculatheologi00erneuoft_0349.png"; bbox 0 0 1682 3068; ppageno 0'>
   <div class='ocr_carea' id='block_1_1' title="bbox 600 112 1608 174">
    <p class='ocr_par' dir='ltr' id='par_1_1' title="bbox 600 112 1608 174">
     <span class='ocr_line' id='line_1_1' title="bbox 600 112 1608 174; baseline 0.002 -18"><span class='ocrx_word' id='word_1_1' title='bbox 600 142 611 152; x_wconf 75' lang='lat'><em>,</em></span> <span class='ocrx_word' id='word_1_2' title='bbox 671 127 1088 159; x_wconf 61' lang='lat' dir='ltr'>emus-uana</span> <span class='ocrx_word' id='word_1_3' title='bbox 1201 112 1210 116; x_wconf 72' lang='grc'><em>”</em></span> <span class='ocrx_word' id='word_1_4' title='bbox 1478 120 1608 174; x_wconf 62' lang='lat' dir='ltr'>327x</span> 
     </span>
    </p>
   </div>
   <div class='ocr_carea' id='block_1_2' title="bbox 402 243 1342 401">
    <p class='ocr_par' dir='ltr' id='par_1_2' title="bbox 402 243 1342 401">
     <span class='ocr_line' id='line_1_2' title="bbox 680 243 1342 296; baseline 0.009 -6"><span class='ocrx_word' id='word_1_5' title='bbox 680 243 711 289; x_wconf 87' lang='lat' dir='ltr'>S</span> <span class='ocrx_word' id='word_1_6' title='bbox 721 245 760 290; x_wconf 83' lang='lat' dir='ltr'>E</span> <span class='ocrx_word' id='word_1_7' title='bbox 771 247 807 292; x_wconf 94' lang='lat' dir='ltr'>C</span> <span class='ocrx_word' id='word_1_8' title='bbox 817 247 864 291; x_wconf 89' lang='lat' dir='ltr'>T</span> <span class='ocrx_word' id='word_1_9' title='bbox 872 248 894 292; x_wconf 95' lang='lat' dir='ltr'>I</span> <span class='ocrx_word' id='word_1_10' title='bbox 908 247 951 291; x_wconf 92' lang='lat' dir='ltr'>O</span> <span class='ocrx_word' id='word_1_11' title='bbox 981 248 1058 295; x_wconf 80' lang='lat' dir='ltr'>IV.</span> <span class='ocrx_word' id='word_1_12' title='bbox 1332 292 1342 296; x_wconf 68' lang='grc'><strong><em>,</em></strong></span> 
     </span>
     <span class='ocr_line' id='line_1_3' title="bbox 402 329 1337 401; baseline -0.005 -18"><span class='ocrx_word' id='word_1_13' title='bbox 402 331 474 383; x_wconf 86' lang='lat' dir='ltr'>De</span> <span class='ocrx_word' id='word_1_14' title='bbox 492 329 885 382; x_wconf 73' lang='lat' dir='ltr'>Exncitationibus</span> <span class='ocrx_word' id='word_1_15' title='bbox 894 368 907 393; x_wconf 90' lang='lat'>‚</span> <span class='ocrx_word' id='word_1_16' title='bbox 950 349 1173 401; x_wconf 80' lang='lat' dir='ltr'>earumque</span> <span class='ocrx_word' id='word_1_17' title='bbox 1194 329 1337 382; x_wconf 82' lang='lat' dir='ltr'>modo.</span> 
     </span>
    </p>
   </div>
   <div class='ocr_carea' id='block_1_3' title="bbox 113 435 1632 2331">
    <p class='ocr_par' dir='ltr' id='par_1_3' title="bbox 113 435 1632 2331">
     <span class='ocr_line' id='line_1_4' title="bbox 265 435 1569 503; baseline -0.002 -16"><span class='ocrx_word' id='word_1_18' title='bbox 265 453 339 496; x_wconf 80' lang='lat'>32.</span> <span class='ocrx_word' id='word_1_19' title='bbox 377 442 506 494; x_wconf 77' lang='lat' dir='ltr'>Quae</span> <span class='ocrx_word' id='word_1_20' title='bbox 534 439 869 486; x_wconf 79' lang='lat' dir='ltr'>exercitationes</span> <span class='ocrx_word' id='word_1_21' title='bbox 896 437 980 486; x_wconf 77' lang='lat' dir='ltr'>sint</span> <span class='ocrx_word' id='word_1_22' title='bbox 1006 439 1260 503; x_wconf 87' lang='lat' dir='ltr'>disciplinae</span> <span class='ocrx_word' id='word_1_23' title='bbox 1287 435 1569 494; x_wconf 80' lang='lat' dir='ltr'>Christianae,</span> 
     </span>
     <span class='ocr_line' id='line_1_5' title="bbox 170 504 1571 571; baseline -0.001 -17"><span class='ocrx_word' id='word_1_24' title='bbox 170 522 414 570; x_wconf 71' lang='lat' dir='ltr'>earumque</span> <span class='ocrx_word' id='word_1_25' title='bbox 430 505 673 571; x_wconf 81' lang='lat' dir='ltr'>quantafit</span> <span class='ocrx_word' id='word_1_26' title='bbox 701 504 951 560; x_wconf 81' lang='lat' dir='ltr'>neceffitas,</span> <span class='ocrx_word' id='word_1_27' title='bbox 992 506 1118 569; x_wconf 81' lang='lat' dir='ltr'>supra</span> <span class='ocrx_word' id='word_1_28' title='bbox 1148 506 1349 554; x_wconf 84' lang='lat' dir='ltr'>diximus.</span> <span class='ocrx_word' id='word_1_29' title='bbox 1447 504 1571 552; x_wconf 83' lang='lat' dir='ltr'>Illud</span> 
     </span>
     <span class='ocr_line' id='line_1_6' title="bbox 170 570 1632 639; baseline -0.003 -16"><span class='ocrx_word' id='word_1_30' title='bbox 170 575 301 623; x_wconf 79' lang='lat' dir='ltr'>nobis</span> <span class='ocrx_word' id='word_1_31' title='bbox 312 574 484 622; x_wconf 79' lang='lat' dir='ltr'>videtur</span> <span class='ocrx_word' id='word_1_32' title='bbox 504 575 713 622; x_wconf 91' lang='lat' dir='ltr'>hocloco</span> <span class='ocrx_word' id='word_1_33' title='bbox 734 575 905 639; x_wconf 87' lang='lat' dir='ltr'>planius</span> <span class='ocrx_word' id='word_1_34' title='bbox 916 571 1306 621; x_wconf 80' lang='lat' dir='ltr'>demonstrandum</span> <span class='ocrx_word' id='word_1_35' title='bbox 1326 573 1425 632; x_wconf 83' lang='lat' dir='ltr'>effe,</span> <span class='ocrx_word' id='word_1_36' title='bbox 1445 570 1569 635; x_wconf 82' lang='lat' dir='ltr'>quod</span> <span class='ocrx_word' id='word_1_37' title='bbox 1628 581 1632 589; x_wconf 90' lang='lat'>&#39;</span> 
     </span>
     <span class='ocr_line' id='line_1_7' title="bbox 168 638 1566 707; baseline 0 -19"><span class='ocrx_word' id='word_1_38' title='bbox 168 642 532 690; x_wconf 61' lang='lat' dir='ltr'>exercitationem</span> <span class='ocrx_word' id='word_1_39' title='bbox 550 644 778 707; x_wconf 87' lang='lat' dir='ltr'>propriam</span> <span class='ocrx_word' id='word_1_40' title='bbox 796 641 941 689; x_wconf 88' lang='lat' dir='ltr'>sedem</span> <span class='ocrx_word' id='word_1_41' title='bbox 962 641 1125 688; x_wconf 77' lang='lat' dir='ltr'>habere</span> <span class='ocrx_word' id='word_1_42' title='bbox 1143 640 1331 689; x_wconf 81' lang='lat' dir='ltr'>diximus</span> <span class='ocrx_word' id='word_1_43' title='bbox 1350 645 1395 689; x_wconf 89' lang='lat' dir='ltr'>in</span> <span class='ocrx_word' id='word_1_44' title='bbox 1414 638 1566 689; x_wconf 86' lang='lat' dir='ltr'>officio</span> 
     </span>
     <span class='ocr_line' id='line_1_8' title="bbox 168 706 1566 774; baseline -0.002 -16"><span class='ocrx_word' id='word_1_45' title='bbox 168 710 287 774; x_wconf 62' lang='lat' dir='ltr'>ipsu,</span> <span class='ocrx_word' id='word_1_46' title='bbox 309 712 417 757; x_wconf 68' lang='lat' dir='ltr'>etin</span> <span class='ocrx_word' id='word_1_47' title='bbox 436 708 686 758; x_wconf 75' lang='lat' dir='ltr'>affionibus</span> <span class='ocrx_word' id='word_1_48' title='bbox 706 706 844 756; x_wconf 81' lang='lat' dir='ltr'>officii</span> <span class='ocrx_word' id='word_1_49' title='bbox 862 706 1109 757; x_wconf 86' lang='lat' dir='ltr'>Christiani.</span> <span class='ocrx_word' id='word_1_50' title='bbox 1175 712 1230 755; x_wconf 89' lang='lat' dir='ltr'>In</span> <span class='ocrx_word' id='word_1_51' title='bbox 1252 727 1344 772; x_wconf 89' lang='lat' dir='ltr'>quo</span> <span class='ocrx_word' id='word_1_52' title='bbox 1364 727 1455 757; x_wconf 88' lang='lat' dir='ltr'>non</span> <span class='ocrx_word' id='word_1_53' title='bbox 1471 707 1566 755; x_wconf 79' lang='lat' dir='ltr'>vte-</span> 
     </span>
     <span class='ocr_line' id='line_1_9' title="bbox 113 775 1566 843; baseline -0.001 -19"><span class='ocrx_word' id='word_1_54' title='bbox 113 792 126 805; x_wconf 87' lang='lat'><strong>·</strong></span> <span class='ocrx_word' id='word_1_55' title='bbox 168 777 403 834; x_wconf 59' lang='lat' dir='ltr'>mureliis,</span> <span class='ocrx_word' id='word_1_56' title='bbox 434 795 569 843; x_wconf 85' lang='lat' dir='ltr'>quam</span> <span class='ocrx_word' id='word_1_57' title='bbox 586 777 775 842; x_wconf 82' lang='lat' dir='ltr'>ipsarum</span> <span class='ocrx_word' id='word_1_58' title='bbox 797 778 1113 841; x_wconf 85' lang='lat' dir='ltr'>scripturarum</span> <span class='ocrx_word' id='word_1_59' title='bbox 1131 776 1347 824; x_wconf 80' lang='lat' dir='ltr'>sacrarum</span> <span class='ocrx_word' id='word_1_60' title='bbox 1369 775 1566 824; x_wconf 55' lang='lat' dir='ltr'>testimo*-</span> 
     </span>
     <span class='ocr_line' id='line_1_10' title="bbox 166 842 1565 910; baseline -0.002 -19"><span class='ocrx_word' id='word_1_61' title='bbox 166 844 263 891; x_wconf 64' lang='lat' dir='ltr'>niis.</span> <span class='ocrx_word' id='word_1_62' title='bbox 364 848 608 893; x_wconf 85' lang='lat' dir='ltr'>Enimuero</span> <span class='ocrx_word' id='word_1_63' title='bbox 629 846 812 910; x_wconf 88' lang='lat' dir='ltr'>planum</span> <span class='ocrx_word' id='word_1_64' title='bbox 832 843 915 900; x_wconf 85' lang='lat' dir='ltr'>est,</span> <span class='ocrx_word' id='word_1_65' title='bbox 959 846 1091 892; x_wconf 86' lang='lat' dir='ltr'>etiam</span> <span class='ocrx_word' id='word_1_66' title='bbox 1110 843 1295 891; x_wconf 90' lang='lat' dir='ltr'>verbum</span> <span class='ocrx_word' id='word_1_67' title='bbox 1319 842 1565 900; x_wconf 77' lang='lat' dir='ltr'>exercendi,</span> 
     </span>
     <span class='ocr_line' id='line_1_11' title="bbox 164 905 1566 978; baseline -0.002 -18"><span class='ocrx_word' id='word_1_68' title='bbox 164 905 422 978; x_wconf 61' lang='grc' dir='ltr'>γυμύαἷζειν,</span> <span class='ocrx_word' id='word_1_69' title='bbox 462 911 524 960; x_wconf 86' lang='lat' dir='ltr'>fic</span> <span class='ocrx_word' id='word_1_70' title='bbox 543 912 628 960; x_wconf 72' lang='lat' dir='ltr'>diei</span> <span class='ocrx_word' id='word_1_71' title='bbox 654 931 679 959; x_wconf 89' lang='lat' dir='ltr'>a</span> <span class='ocrx_word' id='word_1_72' title='bbox 697 913 851 960; x_wconf 79' lang='lat' dir='ltr'>Paullo</span> <span class='ocrx_word' id='word_1_73' title='bbox 872 910 1115 978; x_wconf 86' lang='lat' dir='ltr'>Apostolo‚</span> <span class='ocrx_word' id='word_1_74' title='bbox 1159 910 1342 959; x_wconf 86' lang='lat' dir='ltr'>iubente</span> <span class='ocrx_word' id='word_1_75' title='bbox 1362 910 1566 961; x_wconf 85' lang='lat' dir='ltr'>Christia-</span> 
     </span>
     <span class='ocr_line' id='line_1_12' title="bbox 164 975 1565 1048; baseline -0.001 -21"><span class='ocrx_word' id='word_1_76' title='bbox 164 995 275 1027; x_wconf 88' lang='lat' dir='ltr'>num</span> <span class='ocrx_word' id='word_1_77' title='bbox 293 975 532 1048; x_wconf 66' lang='grc' dir='ltr'>γὺμνάζω</span> <span class='ocrx_word' id='word_1_78' title='bbox 551 981 666 1047; x_wconf 46' lang='lat' dir='ltr'>orgo}</span> <span class='ocrx_word' id='word_1_79' title='bbox 687 978 933 1040; x_wconf 62' lang='grc' dir='ltr'><strong><em>εὐσέβειαν,</em></strong></span> <span class='ocrx_word' id='word_1_80' title='bbox 976 996 995 1026; x_wconf 93' lang='lat'>1</span> <span class='ocrx_word' id='word_1_81' title='bbox 1028 982 1203 1028; x_wconf 71' lang='lat' dir='ltr'>Rmoth.</span> <span class='ocrx_word' id='word_1_82' title='bbox 1221 983 1254 1027; x_wconf 94' lang='lat' dir='ltr'><em>I</em></span> <span class='ocrx_word' id='word_1_83' title='bbox 1254 982 1312 1037; x_wconf 68' lang='grc' dir='ltr'>Ῑζ</span> <span class='ocrx_word' id='word_1_84' title='bbox 1322 997 1368 1037; x_wconf 90' lang='lat'>7.</span> <span class='ocrx_word' id='word_1_85' title='bbox 1438 984 1565 1026; x_wconf 88' lang='lat' dir='ltr'>Nam</span> 
     </span>
     <span class='ocr_line' id='line_1_13' title="bbox 152 1045 1564 1112; baseline 0.001 -19"><span class='ocrx_word' id='word_1_86' title='bbox 152 1063 306 1110; x_wconf 37' lang='lat' dir='ltr'>‘quum</span> <span class='ocrx_word' id='word_1_87' title='bbox 325 1045 662 1097; x_wconf 62' lang='lat' dir='ltr'>exercitationes</span> <span class='ocrx_word' id='word_1_88' title='bbox 678 1052 895 1112; x_wconf 74' lang='lat' dir='ltr'>corporiS,</span> <span class='ocrx_word' id='word_1_89' title='bbox 915 1049 1106 1112; x_wconf 88' lang='lat' dir='ltr'>speciem</span> <span class='ocrx_word' id='word_1_90' title='bbox 1125 1045 1359 1095; x_wconf 67' lang='lat' dir='ltr'>sanstitatis</span> <span class='ocrx_word' id='word_1_91' title='bbox 1381 1050 1564 1094; x_wconf 88' lang='lat' dir='ltr'>inanem</span> 
     </span>
     <span class='ocr_line' id='line_1_14' title="bbox 164 1113 1565 1180; baseline 0.001 -20"><span class='ocrx_word' id='word_1_92' title='bbox 164 1113 401 1174; x_wconf 71' lang='lat' dir='ltr'>habentes,</span> <span class='ocrx_word' id='word_1_93' title='bbox 431 1119 571 1174; x_wconf 87' lang='lat' dir='ltr'>tollit;</span> <span class='ocrx_word' id='word_1_94' title='bbox 620 1119 957 1164; x_wconf 81' lang='lat' dir='ltr'>exercitationes</span> <span class='ocrx_word' id='word_1_95' title='bbox 976 1117 1111 1163; x_wconf 87' lang='lat' dir='ltr'>animi</span> <span class='ocrx_word' id='word_1_96' title='bbox 1131 1118 1282 1178; x_wconf 86' lang='lat' dir='ltr'>ponit,</span> <span class='ocrx_word' id='word_1_97' title='bbox 1319 1118 1367 1163; x_wconf 88' lang='lat' dir='ltr'>in</span> <span class='ocrx_word' id='word_1_98' title='bbox 1399 1113 1565 1180; x_wconf 78' lang='lat' dir='ltr'>quibus</span> 
     </span>
     <span class='ocr_line' id='line_1_15' title="bbox 161 1180 1566 1251; baseline 0.003 -24"><span class='ocrx_word' id='word_1_99' title='bbox 161 1197 267 1230; x_wconf 76' lang='lat' dir='ltr'>vera</span> <span class='ocrx_word' id='word_1_100' title='bbox 284 1180 336 1231; x_wconf 81' lang='lat' dir='ltr'>fit</span> <span class='ocrx_word' id='word_1_101' title='bbox 355 1186 496 1248; x_wconf 85' lang='lat' dir='ltr'>pietas</span> <span class='ocrx_word' id='word_1_102' title='bbox 514 1197 561 1231; x_wconf 83' lang='lat' dir='ltr'>et</span> <span class='ocrx_word' id='word_1_103' title='bbox 576 1183 789 1232; x_wconf 75' lang='lat' dir='ltr'>sanffitas.</span> <span class='ocrx_word' id='word_1_104' title='bbox 859 1189 982 1232; x_wconf 88' lang='lat' dir='ltr'>Nam</span> <span class='ocrx_word' id='word_1_105' title='bbox 1001 1196 1048 1232; x_wconf 88' lang='lat' dir='ltr'>et</span> <span class='ocrx_word' id='word_1_106' title='bbox 1067 1181 1316 1251; x_wconf 59' lang='lat' dir='ltr'>aioffnvn‘gaa</span> <span class='ocrx_word' id='word_1_107' title='bbox 1334 1201 1566 1248; x_wconf 72' lang='grc' dir='ltr'>γεγυμνα-</span> 
     </span>
     <span class='ocr_line' id='line_1_16' title="bbox 167 1246 1562 1319; baseline -0.001 -21"><span class='ocrx_word' id='word_1_108' title='bbox 167 1251 312 1313; x_wconf 65' lang='grc' dir='ltr'><strong><em>σμένα</em></strong></span> <span class='ocrx_word' id='word_1_109' title='bbox 330 1251 443 1319; x_wconf 58' lang='lat' dir='ltr'>orgis</span> <span class='ocrx_word' id='word_1_110' title='bbox 461 1246 672 1318; x_wconf 69' lang='grc' dir='ltr'>διάκςιων</span> <span class='ocrx_word' id='word_1_111' title='bbox 690 1253 818 1302; x_wconf 66' lang='lat' dir='ltr'>ualli}</span> <span class='ocrx_word' id='word_1_112' title='bbox 836 1271 886 1300; x_wconf 80' lang='grc' dir='ltr'>τε</span> <span class='ocrx_word' id='word_1_113' title='bbox 904 1253 974 1314; x_wconf 60' lang='lat' dir='ltr'>zq)</span> <span class='ocrx_word' id='word_1_114' title='bbox 992 1254 1117 1302; x_wconf 72' lang='grc' dir='ltr'>κακέ</span> <span class='ocrx_word' id='word_1_115' title='bbox 1140 1255 1242 1300; x_wconf 80' lang='lat' dir='ltr'>Ebr.</span> <span class='ocrx_word' id='word_1_116' title='bbox 1269 1253 1322 1308; x_wconf 90' lang='lat' dir='ltr'>V,</span> <span class='ocrx_word' id='word_1_117' title='bbox 1349 1269 1421 1310; x_wconf 88' lang='lat'>14.</span> <span class='ocrx_word' id='word_1_118' title='bbox 1447 1252 1562 1307; x_wconf 86' lang='lat' dir='ltr'>sunt,</span> 
     </span>
     <span class='ocr_line' id='line_1_17' title="bbox 167 1317 1563 1383; baseline 0.001 -19"><span class='ocrx_word' id='word_1_119' title='bbox 167 1333 285 1381; x_wconf 75' lang='lat' dir='ltr'>quae</span> <span class='ocrx_word' id='word_1_120' title='bbox 303 1320 349 1366; x_wconf 86' lang='lat' dir='ltr'>in</span> <span class='ocrx_word' id='word_1_121' title='bbox 372 1319 659 1367; x_wconf 81' lang='lat' dir='ltr'>discernendo</span> <span class='ocrx_word' id='word_1_122' title='bbox 678 1317 864 1366; x_wconf 86' lang='lat' dir='ltr'>honesto</span> <span class='ocrx_word' id='word_1_123' title='bbox 882 1330 928 1364; x_wconf 88' lang='lat' dir='ltr'>et</span> <span class='ocrx_word' id='word_1_124' title='bbox 946 1323 1066 1383; x_wconf 86' lang='lat' dir='ltr'>turpi</span> <span class='ocrx_word' id='word_1_125' title='bbox 1086 1320 1359 1378; x_wconf 82' lang='lat' dir='ltr'>laborarunt,</span> <span class='ocrx_word' id='word_1_126' title='bbox 1406 1330 1452 1366; x_wconf 88' lang='lat' dir='ltr'>et</span> <span class='ocrx_word' id='word_1_127' title='bbox 1469 1317 1563 1366; x_wconf 83' lang='lat' dir='ltr'>affi-</span> 
     </span>
     <span class='ocr_line' id='line_1_18' title="bbox 166 1383 1564 1452; baseline -0.001 -19"><span class='ocrx_word' id='word_1_128' title='bbox 166 1383 333 1434; x_wconf 69' lang='lat' dir='ltr'>‹hitate</span> <span class='ocrx_word' id='word_1_129' title='bbox 345 1386 571 1436; x_wconf 88' lang='lat' dir='ltr'>laborandi</span> <span class='ocrx_word' id='word_1_130' title='bbox 592 1387 724 1452; x_wconf 88' lang='lat' dir='ltr'>ipsam</span> <span class='ocrx_word' id='word_1_131' title='bbox 736 1387 991 1433; x_wconf 79' lang='lat' dir='ltr'>facultatem</span> <span class='ocrx_word' id='word_1_132' title='bbox 1002 1400 1047 1434; x_wconf 90' lang='lat' dir='ltr'>et</span> <span class='ocrx_word' id='word_1_133' title='bbox 1064 1387 1270 1438; x_wconf 83' lang='lat' dir='ltr'>habitum</span> <span class='ocrx_word' id='word_1_134' title='bbox 1286 1384 1564 1434; x_wconf 77' lang='lat' dir='ltr'>discernendi</span> 
     </span>
     <span class='ocr_line' id='line_1_19' title="bbox 166 1453 1565 1520; baseline 0.002 -23"><span class='ocrx_word' id='word_1_135' title='bbox 166 1453 440 1518; x_wconf 83' lang='lat' dir='ltr'>consequuta</span> <span class='ocrx_word' id='word_1_136' title='bbox 459 1455 570 1502; x_wconf 82' lang='lat' dir='ltr'>sunt.</span> <span class='ocrx_word' id='word_1_137' title='bbox 655 1457 860 1518; x_wconf 88' lang='lat' dir='ltr'>Denique</span> <span class='ocrx_word' id='word_1_138' title='bbox 888 1456 1247 1520; x_wconf 77' lang='grc' dir='ltr'>γεγυμνασμένοι</span> <span class='ocrx_word' id='word_1_139' title='bbox 1277 1473 1358 1520; x_wconf 87' lang='lat' dir='ltr'>per</span> <span class='ocrx_word' id='word_1_140' title='bbox 1381 1453 1565 1516; x_wconf 85' lang='lat' dir='ltr'>discipli-</span> 
     </span>
     <span class='ocr_line' id='line_1_20' title="bbox 163 1517 1563 1587; baseline 0.001 -20"><span class='ocrx_word' id='word_1_141' title='bbox 163 1534 270 1568; x_wconf 80' lang='lat' dir='ltr'>nam</span> <span class='ocrx_word' id='word_1_142' title='bbox 287 1522 480 1570; x_wconf 83' lang='lat' dir='ltr'>diuinam</span> <span class='ocrx_word' id='word_1_143' title='bbox 499 1523 555 1570; x_wconf 84' lang='lat' dir='ltr'>ad</span> <span class='ocrx_word' id='word_1_144' title='bbox 585 1523 843 1587; x_wconf 86' lang='lat' dir='ltr'>patientiam</span> <span class='ocrx_word' id='word_1_145' title='bbox 873 1525 978 1570; x_wconf 87' lang='lat' dir='ltr'>Ebr.</span> <span class='ocrx_word' id='word_1_146' title='bbox 1001 1522 1091 1579; x_wconf 65' lang='lat' dir='ltr'>JV}</span> <span class='ocrx_word' id='word_1_147' title='bbox 1111 1540 1130 1569; x_wconf 96' lang='lat'>1</span> <span class='ocrx_word' id='word_1_148' title='bbox 1147 1539 1183 1570; x_wconf 91' lang='lat'>1.</span> <span class='ocrx_word' id='word_1_149' title='bbox 1211 1523 1312 1570; x_wconf 89' lang='lat' dir='ltr'>sunt</span> <span class='ocrx_word' id='word_1_150' title='bbox 1339 1517 1563 1587; x_wconf 70' lang='lat' dir='ltr'>profeEto,</span> 
     </span>
     <span class='ocr_line' id='line_1_21' title="bbox 162 1588 1564 1656; baseline 0 -20"><span class='ocrx_word' id='word_1_151' title='bbox 162 1589 239 1650; x_wconf 84' lang='lat' dir='ltr'>qui</span> <span class='ocrx_word' id='word_1_152' title='bbox 256 1588 534 1656; x_wconf 84' lang='lat' dir='ltr'>suppeditata</span> <span class='ocrx_word' id='word_1_153' title='bbox 551 1595 654 1638; x_wconf 87' lang='lat' dir='ltr'>Deo</span> <span class='ocrx_word' id='word_1_154' title='bbox 674 1591 915 1654; x_wconf 87' lang='lat' dir='ltr'>patientiae</span> <span class='ocrx_word' id='word_1_155' title='bbox 936 1592 1134 1648; x_wconf 84' lang='lat' dir='ltr'>materia,</span> <span class='ocrx_word' id='word_1_156' title='bbox 1176 1593 1433 1655; x_wconf 85' lang='lat' dir='ltr'>patientiam</span> <span class='ocrx_word' id='word_1_157' title='bbox 1455 1605 1564 1639; x_wconf 85' lang='lat' dir='ltr'>con·-</span> 
     </span>
     <span class='ocr_line' id='line_1_22' title="bbox 162 1653 1560 1722; baseline 0.002 -21"><span class='ocrx_word' id='word_1_158' title='bbox 162 1653 416 1715; x_wconf 72' lang='lat' dir='ltr'>seruatum,</span> <span class='ocrx_word' id='word_1_159' title='bbox 451 1667 517 1714; x_wconf 81' lang='lat' dir='ltr'>et,</span> <span class='ocrx_word' id='word_1_160' title='bbox 562 1657 604 1704; x_wconf 89' lang='lat' dir='ltr'>se</span> <span class='ocrx_word' id='word_1_161' title='bbox 623 1659 846 1722; x_wconf 85' lang='lat' dir='ltr'>patientes</span> <span class='ocrx_word' id='word_1_162' title='bbox 881 1669 929 1705; x_wconf 85' lang='lat' dir='ltr'>vt</span> <span class='ocrx_word' id='word_1_163' title='bbox 954 1658 1242 1722; x_wconf 84' lang='lat' dir='ltr'>praeberent,</span> <span class='ocrx_word' id='word_1_164' title='bbox 1286 1658 1560 1705; x_wconf 82' lang='lat' dir='ltr'>laborarunt.</span> 
     </span>
     <span class='ocr_line' id='line_1_23' title="bbox 162 1724 1562 1790; baseline 0 -19"><span class='ocrx_word' id='word_1_165' title='bbox 162 1727 288 1772; x_wconf 86' lang='lat' dir='ltr'>Nam</span> <span class='ocrx_word' id='word_1_166' title='bbox 310 1725 423 1774; x_wconf 83' lang='lat' dir='ltr'>ficut</span> <span class='ocrx_word' id='word_1_167' title='bbox 442 1724 635 1786; x_wconf 84' lang='lat' dir='ltr'>magistri</span> <span class='ocrx_word' id='word_1_168' title='bbox 653 1725 878 1789; x_wconf 80' lang='lat' dir='ltr'>discipulis</span> <span class='ocrx_word' id='word_1_169' title='bbox 899 1732 1002 1773; x_wconf 88' lang='lat' dir='ltr'>artis</span> <span class='ocrx_word' id='word_1_170' title='bbox 1032 1727 1238 1784; x_wconf 74' lang='lat' dir='ltr'>alicuiuS,</span> <span class='ocrx_word' id='word_1_171' title='bbox 1277 1738 1327 1774; x_wconf 88' lang='lat' dir='ltr'>vt</span> <span class='ocrx_word' id='word_1_172' title='bbox 1344 1726 1562 1790; x_wconf 87' lang='lat' dir='ltr'>eloquen-</span> 
     </span>
     <span class='ocr_line' id='line_1_24' title="bbox 163 1791 1562 1860; baseline 0 -22"><span class='ocrx_word' id='word_1_173' title='bbox 163 1793 271 1850; x_wconf 77' lang='lat' dir='ltr'>tiae,</span> <span class='ocrx_word' id='word_1_174' title='bbox 311 1805 576 1860; x_wconf 86' lang='lat' dir='ltr'>proponunt</span> <span class='ocrx_word' id='word_1_175' title='bbox 593 1796 823 1840; x_wconf 87' lang='lat' dir='ltr'>materiam</span> <span class='ocrx_word' id='word_1_176' title='bbox 841 1829 852 1848; x_wconf 92' lang='lat'>‚</span> <span class='ocrx_word' id='word_1_177' title='bbox 892 1797 938 1840; x_wconf 89' lang='lat' dir='ltr'>in</span> <span class='ocrx_word' id='word_1_178' title='bbox 961 1811 1048 1856; x_wconf 90' lang='lat' dir='ltr'>qua</span> <span class='ocrx_word' id='word_1_179' title='bbox 1068 1796 1258 1842; x_wconf 82' lang='lat' dir='ltr'>exerceri</span> <span class='ocrx_word' id='word_1_180' title='bbox 1279 1793 1467 1859; x_wconf 80' lang='lat' dir='ltr'>poffint,</span> <span class='ocrx_word' id='word_1_181' title='bbox 1499 1791 1562 1839; x_wconf 82' lang='lat' dir='ltr'>fa·</span> 
     </span>
     <span class='ocr_line' id='line_1_25' title="bbox 162 1859 1562 1925; baseline -0.003 -16"><span class='ocrx_word' id='word_1_182' title='bbox 162 1861 325 1909; x_wconf 64' lang='lat' dir='ltr'>ciendo</span> <span class='ocrx_word' id='word_1_183' title='bbox 347 1879 484 1925; x_wconf 90' lang='lat' dir='ltr'>opere</span> <span class='ocrx_word' id='word_1_184' title='bbox 504 1861 651 1924; x_wconf 81' lang='lat' dir='ltr'>aliquo</span> <span class='ocrx_word' id='word_1_185' title='bbox 670 1862 893 1908; x_wconf 87' lang='lat' dir='ltr'>oratorio:</span> <span class='ocrx_word' id='word_1_186' title='bbox 922 1859 982 1908; x_wconf 81' lang='lat' dir='ltr'>fic</span> <span class='ocrx_word' id='word_1_187' title='bbox 998 1866 1122 1908; x_wconf 88' lang='lat' dir='ltr'>Deus</span> <span class='ocrx_word' id='word_1_188' title='bbox 1143 1862 1413 1919; x_wconf 84' lang='lat' dir='ltr'>Christianis,</span> <span class='ocrx_word' id='word_1_189' title='bbox 1444 1871 1493 1907; x_wconf 85' lang='lat' dir='ltr'>vt</span> <span class='ocrx_word' id='word_1_190' title='bbox 1513 1861 1562 1906; x_wconf 83' lang='lat' dir='ltr'>in</span> 
     </span>
     <span class='ocr_line' id='line_1_26' title="bbox 158 1927 1562 1991; baseline 0.002 -20"><span class='ocrx_word' id='word_1_191' title='bbox 158 1927 271 1976; x_wconf 55' lang='lat' dir='ltr'>aliie&lt;</span> <span class='ocrx_word' id='word_1_192' title='bbox 284 1928 524 1991; x_wconf 84' lang='lat' dir='ltr'>generibus</span> <span class='ocrx_word' id='word_1_193' title='bbox 541 1930 738 1983; x_wconf 85' lang='lat' dir='ltr'>virtutis,</span> <span class='ocrx_word' id='word_1_194' title='bbox 777 1931 839 1975; x_wconf 89' lang='lat' dir='ltr'>ita</span> <span class='ocrx_word' id='word_1_195' title='bbox 865 1930 912 1975; x_wconf 89' lang='lat' dir='ltr'>in</span> <span class='ocrx_word' id='word_1_196' title='bbox 932 1929 1043 1987; x_wconf 85' lang='lat' dir='ltr'>hoc,</span> <span class='ocrx_word' id='word_1_197' title='bbox 1088 1932 1213 1977; x_wconf 80' lang='lat' dir='ltr'>malis</span> <span class='ocrx_word' id='word_1_198' title='bbox 1242 1931 1448 1977; x_wconf 84' lang='lat' dir='ltr'>humanis</span> <span class='ocrx_word' id='word_1_199' title='bbox 1478 1930 1562 1975; x_wconf 88' lang='lat' dir='ltr'>im-</span> 
     </span>
     <span class='ocr_line' id='line_1_27' title="bbox 163 1993 1562 2061; baseline -0.001 -19"><span class='ocrx_word' id='word_1_200' title='bbox 163 1995 394 2043; x_wconf 79' lang='lat' dir='ltr'>mittendis</span> <span class='ocrx_word' id='word_1_201' title='bbox 413 1993 680 2059; x_wconf 83' lang='lat' dir='ltr'>suppeditat,</span> <span class='ocrx_word' id='word_1_202' title='bbox 718 1997 764 2041; x_wconf 87' lang='lat' dir='ltr'>in</span> <span class='ocrx_word' id='word_1_203' title='bbox 794 2012 883 2056; x_wconf 88' lang='lat' dir='ltr'>quo</span> <span class='ocrx_word' id='word_1_204' title='bbox 905 2013 1019 2059; x_wconf 85' lang='lat' dir='ltr'>opus</span> <span class='ocrx_word' id='word_1_205' title='bbox 1047 1999 1282 2061; x_wconf 86' lang='lat' dir='ltr'>patientiae</span> <span class='ocrx_word' id='word_1_206' title='bbox 1302 1997 1471 2051; x_wconf 85' lang='lat' dir='ltr'>facere,</span> <span class='ocrx_word' id='word_1_207' title='bbox 1513 2005 1562 2041; x_wconf 85' lang='lat' dir='ltr'>et</span> 
     </span>
     <span class='ocr_line' id='line_1_28' title="bbox 119 2061 1562 2128; baseline -0.002 -17"><span class='ocrx_word' id='word_1_208' title='bbox 119 2089 122 2092; x_wconf 84' lang='lat'><em>-</em></span> <span class='ocrx_word' id='word_1_209' title='bbox 163 2077 261 2111; x_wconf 74' lang='lat' dir='ltr'>eam</span> <span class='ocrx_word' id='word_1_210' title='bbox 279 2065 493 2110; x_wconf 84' lang='lat' dir='ltr'>virtutem</span> <span class='ocrx_word' id='word_1_211' title='bbox 510 2078 765 2126; x_wconf 84' lang='lat' dir='ltr'>comparare</span> <span class='ocrx_word' id='word_1_212' title='bbox 784 2061 862 2109; x_wconf 84' lang='lat' dir='ltr'>fibi</span> <span class='ocrx_word' id='word_1_213' title='bbox 886 2063 1072 2128; x_wconf 79' lang='lat' dir='ltr'>poffint:</span> <span class='ocrx_word' id='word_1_214' title='bbox 1118 2063 1240 2127; x_wconf 85' lang='lat' dir='ltr'>quod</span> <span class='ocrx_word' id='word_1_215' title='bbox 1269 2076 1316 2112; x_wconf 88' lang='lat' dir='ltr'>et</span> <span class='ocrx_word' id='word_1_216' title='bbox 1333 2066 1562 2127; x_wconf 78' lang='lat' dir='ltr'>Simplicius</span> 
     </span>
     <span class='ocr_line' id='line_1_29' title="bbox 161 2126 1560 2197; baseline 0 -21"><span class='ocrx_word' id='word_1_217' title='bbox 161 2130 210 2176; x_wconf 88' lang='lat' dir='ltr'>in</span> <span class='ocrx_word' id='word_1_218' title='bbox 230 2130 466 2193; x_wconf 60' lang='lat' dir='ltr'>Epiffetum</span> <span class='ocrx_word' id='word_1_219' title='bbox 484 2146 526 2192; x_wconf 88' lang='lat' dir='ltr'>p.</span> <span class='ocrx_word' id='word_1_220' title='bbox 554 2145 581 2186; x_wconf 91' lang='lat'>9</span> <span class='ocrx_word' id='word_1_221' title='bbox 594 2145 629 2176; x_wconf 90' lang='lat'>1.</span> <span class='ocrx_word' id='word_1_222' title='bbox 647 2129 856 2189; x_wconf 83' lang='lat' dir='ltr'>agnoscit.</span> <span class='ocrx_word' id='word_1_223' title='bbox 920 2128 1012 2186; x_wconf 78' lang='grc' dir='ltr'>Τοὲς</span> <span class='ocrx_word' id='word_1_224' title='bbox 1030 2126 1246 2197; x_wconf 65' lang='grc' dir='ltr'><em>δυνάμεις,</em></span> <span class='ocrx_word' id='word_1_225' title='bbox 1271 2135 1431 2196; x_wconf 80' lang='lat' dir='ltr'>inquit,</span> <span class='ocrx_word' id='word_1_226' title='bbox 1452 2147 1560 2196; x_wconf 82' lang='lat' dir='ltr'>quas</span> 
     </span>
     <span class='ocr_line' id='line_1_30' title="bbox 163 2194 1561 2264; baseline -0.002 -19"><span class='ocrx_word' id='word_1_227' title='bbox 163 2201 289 2245; x_wconf 86' lang='lat' dir='ltr'>Deus</span> <span class='ocrx_word' id='word_1_228' title='bbox 319 2196 440 2244; x_wconf 85' lang='lat' dir='ltr'>dedit</span> <span class='ocrx_word' id='word_1_229' title='bbox 474 2194 731 2243; x_wconf 85' lang='lat' dir='ltr'>hominibus</span> <span class='ocrx_word' id='word_1_230' title='bbox 766 2195 821 2243; x_wconf 77' lang='lat' dir='ltr'>ad</span> <span class='ocrx_word' id='word_1_231' title='bbox 849 2198 1063 2245; x_wconf 75' lang='lat' dir='ltr'>vincenda</span> <span class='ocrx_word' id='word_1_232' title='bbox 1094 2218 1168 2253; x_wconf 85' lang='lat' dir='ltr'>ea,</span> <span class='ocrx_word' id='word_1_233' title='bbox 1235 2216 1349 2264; x_wconf 86' lang='lat' dir='ltr'>quae</span> <span class='ocrx_word' id='word_1_234' title='bbox 1378 2208 1561 2255; x_wconf 85' lang='lat' dir='ltr'>terrent,</span> 
     </span>
     <span class='ocr_line' id='line_1_31' title="bbox 161 2260 1558 2331; baseline 0 -17"><span class='ocrx_word' id='word_1_235' title='bbox 161 2260 402 2331; x_wconf 74' lang='grc' dir='ltr'>γυμνάζων</span> <span class='ocrx_word' id='word_1_236' title='bbox 420 2262 561 2319; x_wconf 74' lang='grc' dir='ltr'>ὁΘεὸς</span> <span class='ocrx_word' id='word_1_237' title='bbox 579 2263 736 2317; x_wconf 70' lang='grc' dir='ltr'><em>ἅθλες</em></span> <span class='ocrx_word' id='word_1_238' title='bbox 752 2263 981 2320; x_wconf 70' lang='grc' dir='ltr'>πολλάκις</span> <span class='ocrx_word' id='word_1_239' title='bbox 994 2267 1231 2331; x_wconf 68' lang='grc' dir='ltr'><em>πςοτίθησι</em></span> <span class='ocrx_word' id='word_1_240' title='bbox 1249 2271 1348 2322; x_wconf 74' lang='grc' dir='ltr'>ταῖς</span> <span class='ocrx_word' id='word_1_241' title='bbox 1367 2264 1558 2331; x_wconf 73' lang='grc' dir='ltr'>ψυχαῖς.</span> 
     </span>
    </p>
   </div>
   <div class='ocr_carea' id='block_1_4' title="bbox 160 2333 1637 2399">
    <p class='ocr_par' dir='ltr' id='par_1_4' title="bbox 160 2333 1637 2399">
     <span class='ocr_line' id='line_1_32' title="bbox 160 2333 1637 2399; baseline -0.002 -16"><span class='ocrx_word' id='word_1_242' title='bbox 160 2338 291 2383; x_wconf 87' lang='lat' dir='ltr'>Haec</span> <span class='ocrx_word' id='word_1_243' title='bbox 318 2335 456 2393; x_wconf 84' lang='lat' dir='ltr'>igitur</span> <span class='ocrx_word' id='word_1_244' title='bbox 480 2333 579 2379; x_wconf 79' lang='lat' dir='ltr'>talis</span> <span class='ocrx_word' id='word_1_245' title='bbox 605 2334 879 2390; x_wconf 73' lang='lat' dir='ltr'>exercitatio,</span> <span class='ocrx_word' id='word_1_246' title='bbox 914 2335 960 2380; x_wconf 89' lang='lat' dir='ltr'>in</span> <span class='ocrx_word' id='word_1_247' title='bbox 988 2353 1072 2398; x_wconf 80' lang='lat' dir='ltr'>qua</span> <span class='ocrx_word' id='word_1_248' title='bbox 1100 2333 1306 2399; x_wconf 69' lang='lat' dir='ltr'>profesto</span> <span class='ocrx_word' id='word_1_249' title='bbox 1332 2335 1394 2382; x_wconf 86' lang='lat' dir='ltr'>est</span> <span class='ocrx_word' id='word_1_250' title='bbox 1423 2345 1559 2398; x_wconf 86' lang='lat' dir='ltr'>caput</span> <span class='ocrx_word' id='word_1_251' title='bbox 1633 2340 1637 2341; x_wconf 50' lang='lat'><em>⁷</em></span> 
     </span>
    </p>
   </div>
   <div class='ocr_carea' id='block_1_5' title="bbox 159 2399 1561 2737">
    <p class='ocr_par' dir='ltr' id='par_1_5' title="bbox 159 2399 1561 2672">
     <span class='ocr_line' id='line_1_33' title="bbox 162 2399 1557 2467; baseline 0 -19"><span class='ocrx_word' id='word_1_252' title='bbox 162 2400 438 2466; x_wconf 85' lang='lat' dir='ltr'>disciplinae,</span> <span class='ocrx_word' id='word_1_253' title='bbox 480 2399 534 2446; x_wconf 85' lang='lat' dir='ltr'>ad</span> <span class='ocrx_word' id='word_1_254' title='bbox 552 2416 687 2462; x_wconf 79' lang='lat' dir='ltr'>quam</span> <span class='ocrx_word' id='word_1_255' title='bbox 706 2402 838 2447; x_wconf 83' lang='lat' dir='ltr'>etiam</span> <span class='ocrx_word' id='word_1_256' title='bbox 867 2411 1042 2449; x_wconf 81' lang='lat' dir='ltr'>ceterae</span> <span class='ocrx_word' id='word_1_257' title='bbox 1070 2413 1221 2467; x_wconf 82' lang='lat' dir='ltr'>partes</span> <span class='ocrx_word' id='word_1_258' title='bbox 1241 2405 1336 2450; x_wconf 88' lang='lat' dir='ltr'>eius</span> <span class='ocrx_word' id='word_1_259' title='bbox 1357 2402 1557 2450; x_wconf 83' lang='lat' dir='ltr'>referun-</span> 
     </span>
     <span class='ocr_line' id='line_1_34' title="bbox 161 2465 1558 2532; baseline 0 -16"><span class='ocrx_word' id='word_1_260' title='bbox 161 2479 258 2526; x_wconf 84' lang='lat' dir='ltr'>tur,</span> <span class='ocrx_word' id='word_1_261' title='bbox 295 2468 435 2529; x_wconf 87' lang='lat' dir='ltr'>qualis</span> <span class='ocrx_word' id='word_1_262' title='bbox 454 2465 539 2514; x_wconf 81' lang='lat' dir='ltr'>effe</span> <span class='ocrx_word' id='word_1_263' title='bbox 557 2466 738 2524; x_wconf 84' lang='lat' dir='ltr'>debeat,</span> <span class='ocrx_word' id='word_1_264' title='bbox 780 2469 1011 2532; x_wconf 89' lang='lat' dir='ltr'>quomodo</span> <span class='ocrx_word' id='word_1_265' title='bbox 1039 2473 1083 2517; x_wconf 86' lang='lat' dir='ltr'>in</span> <span class='ocrx_word' id='word_1_266' title='bbox 1109 2487 1158 2517; x_wconf 87' lang='lat' dir='ltr'>ea</span> <span class='ocrx_word' id='word_1_267' title='bbox 1177 2470 1333 2519; x_wconf 82' lang='lat' dir='ltr'>versari</span> <span class='ocrx_word' id='word_1_268' title='bbox 1356 2467 1558 2518; x_wconf 81' lang='lat' dir='ltr'>Christia-</span> 
     </span>
     <span class='ocr_line' id='line_1_35' title="bbox 159 2534 1559 2595; baseline 0 -10"><span class='ocrx_word' id='word_1_269' title='bbox 159 2553 258 2592; x_wconf 80' lang='lat' dir='ltr'>nus,</span> <span class='ocrx_word' id='word_1_270' title='bbox 287 2534 498 2582; x_wconf 85' lang='lat' dir='ltr'>studiosus</span> <span class='ocrx_word' id='word_1_271' title='bbox 516 2551 647 2581; x_wconf 76' lang='lat' dir='ltr'>verne</span> <span class='ocrx_word' id='word_1_272' title='bbox 662 2536 836 2582; x_wconf 83' lang='lat' dir='ltr'>virtutis</span> <span class='ocrx_word' id='word_1_273' title='bbox 858 2535 1132 2595; x_wconf 84' lang='lat' dir='ltr'>Christianae,</span> <span class='ocrx_word' id='word_1_274' title='bbox 1166 2536 1559 2587; x_wconf 84' lang='lat' dir='ltr'>demonstrandum</span> 
     </span>
     <span class='ocr_line' id='line_1_36' title="bbox 162 2601 1561 2672; baseline 0 -21"><span class='ocrx_word' id='word_1_275' title='bbox 162 2601 468 2660; x_wconf 55' lang='lat' dir='ltr'>estvniuerse,</span> <span class='ocrx_word' id='word_1_276' title='bbox 505 2612 556 2652; x_wconf 82' lang='lat' dir='ltr'>vt</span> <span class='ocrx_word' id='word_1_277' title='bbox 577 2603 785 2669; x_wconf 82' lang='lat' dir='ltr'>quisque,</span> <span class='ocrx_word' id='word_1_278' title='bbox 836 2604 943 2669; x_wconf 86' lang='lat' dir='ltr'>quid</span> <span class='ocrx_word' id='word_1_279' title='bbox 971 2606 1017 2653; x_wconf 87' lang='lat' dir='ltr'>in</span> <span class='ocrx_word' id='word_1_280' title='bbox 1047 2619 1443 2672; x_wconf 58' lang='lat' dir='ltr'>quoquesgenere,</span> <span class='ocrx_word' id='word_1_281' title='bbox 1488 2605 1561 2651; x_wconf 83' lang='lat' dir='ltr'>vel</span> 
     </span>
    </p>

    <p class='ocr_par' dir='ltr' id='par_1_6' title="bbox 196 2671 1559 2737">
     <span class='ocr_line' id='line_1_37' title="bbox 196 2671 1559 2737; baseline -0.001 -18"><span class='ocrx_word' id='word_1_282' title='bbox 196 2684 199 2686; x_wconf 82' lang='grc'><strong>’</strong></span> <span class='ocrx_word' id='word_1_283' title='bbox 855 2675 895 2720; x_wconf 89' lang='grc' dir='ltr'><strong>Χ</strong></span> <span class='ocrx_word' id='word_1_284' title='bbox 923 2690 953 2731; x_wconf 87' lang='lat'>4</span> <span class='ocrx_word' id='word_1_285' title='bbox 1467 2671 1559 2737; x_wconf 76' lang='lat' dir='ltr'>ipse</span> 
     </span>
    </p>
   </div>
  </div>
 </body>
</html>
