1682 3068
172 216 236 249 10
788 205 1013 250 'AN-rx

167 323 383 371 sermonis
403 338 496 368 non
517 320 670 386 poffit,
699 321 866 372 cla'rum
888 323 970 380 est,
998 335 1162 372 certam
1182 326 1321 384 εὐχῶν
1339 324 1411 387 καὶ
1429 329 1564 389 εὐχα·

169 393 310 458 gis-1517
347 392 392 436 iu
428 391 626 450 Liturgia
665 389 903 440 formulam
933 392 1075 441 seculo
1106 397 1154 439 11.
1184 393 1386 441 nondum
1427 393 1562 442 fuisse.

168 464 272 515 Qua
293 474 374 504 vna
395 474 443 502 re
464 455 708 505 concidunt
727 461 896 515 omnia,
935 478 1046 523 quae
1063 470 1288 525 praeterea
1306 461 1564 511 adferuntur

165 529 214 573 in
237 526 354 571 hanc
371 536 566 606 parffm,
610 538 657 572 vt
687 543 740 572 ex
757 523 1012 591 Apostolica
1035 527 1276 575 traditione
1304 540 1491 593 accepta.
1518 540 1564 576 et

165 595 333 640 seruata
350 590 404 638 fit
422 609 447 639 c
475 599 477 601 ’
513 589 529 595 ’“
599 595 784 654 iturgiae
807 595 1017 652 formula;
1049 595 1103 640 ad
1123 613 1234 659 quae
1257 605 1403 644 tamen
1422 598 1567 661 etipsa

511 647 549 666 ’,ζ

518 667 547 678 ,ι

163 661 396 725 separatim
413 677 463 707 re
545 658 672 708 n'deri
693 661 848 725 potest.
921 664 1184 726 Cyprianus,
1217 665 1289 721 ait,
1324 664 1563 711 formulam

165 743 494 775 commemorat
511 727 766 784 sacerdotis,
799 731 971 794 sursum
991 734 1138 785 corda,
1173 740 1219 777 et
1237 732 1415 795 populi,
1447 732 1564 779 habe·

164 814 258 844 mus
272 799 331 843 ad
336 798 564 844 Dominum
575 815 589 843 .-
624 795 861 861 laudatque
878 796 1040 843 librum
1056 804 1103 844 αὶ
1118 797 1342 854 Oratione,
1377 801 1454 863 qui
1466 800 1564 846 nul-

163 864 234 911 lus
261 874 401 918 extat,
443 874 491 908 vt
517 866 637 910 hunc
666 865 841 917 locum,
882 863 995 912 ficut
1022 866 1149 920 alios,
1187 863 1231 910 id
1252 864 1373 928 quod
1402 865 1563 914 modus

163 930 382 979 librorum
412 929 748 978 indicandorum
777 929 988 988 declarat,
1025 949 1076 978 ex
1102 934 1189 980 alio
1219 930 1408 979 sumsiffe
1433 951 1565 999 appa-

162 1010 271 1047 reat.
339 1003 410 1045 De
435 999 639 1047 Oratione
661 1002 885 1048 Dominica
904 997 965 1047 est
977 1002 1184 1065 Cypriani
1201 998 1361 1047 nobilis
1381 1012 1428 1048 et
1446 1013 1562 1048 vete-

162 1067 285 1115 ribus
306 1069 351 1114 in
373 1068 525 1130 primis
544 1065 745 1114 laudatus
767 1067 965 1124 libellus,
1002 1072 1049 1114 in
1069 1085 1160 1132 quo
1182 1066 1243 1115 est
1269 1068 1396 1115 locus
1425 1085 1467 1114 n.
1491 1085 1566 1117 22.

162 1137 236 1199 (p.
268 1138 375 1191 316.
397 1131 463 1180 ed.
485 1134 673 1195 Pamel.)
706 1134 761 1181 de
782 1134 864 1182 hac
882 1135 1085 1182 formula.
1184 1134 1269 1181 Sed
1299 1136 1420 1182 hunc
1448 1136 1566 1183 forte

162 1200 450 1263 intelligebat.
506 1207 570 1249 At
598 1201 658 1249 ibi
680 1202 734 1249 de
752 1203 962 1268 precibus
984 1201 1305 1251 Eucharisticae
1329 1205 1566 1266 Liturgiae,

163 1287 273 1333 quas
291 1269 490 1317 sacerdos
509 1273 795 1334 pronuntiat,
823 1288 919 1319 non
943 1269 1004 1317 est
1025 1271 1188 1326 sermo,
1207 1269 1279 1317 sed
1299 1269 1353 1317 de
1372 1273 1434 1326 iis,
1456 1288 1566 1335 quas

161 1338 269 1385 facit
289 1338 450 1383 concio
479 1336 616 1391 stans,
659 1347 761 1386 ante
779 1337 1073 1386 Eucharistiae
1100 1340 1348 1399 Liturgiam
1383 1337 1566 1386 aussore

154 1403 323 1452 ‘eodem
349 1405 528 1469 Iustino,
566 1405 593 1452 l.
617 1423 653 1452 c.
672 1404 835 1471 quibus
852 1405 1009 1462 finitis,
1041 1407 1216 1454 initium
1237 1404 1287 1453 fit
1304 1424 1493 1470 precum
1511 1407 1569 1453 ad

162 1474 413 1533 Liturgiam
435 1473 772 1538 pertinentium.
846 1477 915 1520 Ita
945 1476 1065 1521 enim
1091 1476 1348 1539 Cyprianus:
1391 1476 1567 1536 Quando

164 1539 476 1603 autemstamus
492 1545 551 1588 ad
566 1545 818 1597 orationem,
852 1541 1029 1603 fratres
1055 1542 1124 1586 dil.
1146 1541 1324 1604 vigilare
1353 1551 1395 1587 et
1414 1545 1566 1588 incum-

163 1612 259 1656 bere
283 1611 342 1654 ad
360 1624 506 1668 preces
524 1616 616 1654 toto
636 1612 756 1654 corde
773 1610 961 1655 debemus
996 1635 1014 1643 -
1053 1635 1069 1642 -
1112 1610 1217 1654 Ideo
1234 1607 1436 1670 sacerdos
1469 1617 1566 1657 ante

154 1677 395 1723 orationem
428 1675 701 1737 praefatione
731 1673 962 1738 praemnffz
993 1685 1132 1736 parat
1159 1675 1361 1738 fratrum
1400 1682 1566 1735 vientes,

164 1745 330 1791 dicendo
334 1742 509 1806 sarsum
527 1745 651 1789 corda
670 1751 758 1789 cet.
804 1745 918 1788 Non
938 1741 1104 1790 clarum
1127 1740 1207 1797 est,
1229 1743 1319 1790 hoc
1337 1746 1565 1808 pertinere

163 1809 218 1858 ad
238 1808 310 1855 illa
342 1810 490 1875 Iustina·
518 1808 650 1855 verba
676 1806 939 1873 οἱνιςοὶμεθοι
965 1808 1078 1876 κοινῇ
1106 1806 1288 1867 πάντες,
1325 1809 1397 1873 καὶ
1423 1810 1566 1875 εὐχάς

164 1875 430 1940 πέμπομενῖ)
484 1875 567 1922 Sed
585 1886 736 1923 tamen
761 1877 887 1924 facile
907 1875 1216 1932 concesserim,
1249 1879 1401 1928 eadem
1434 1880 1566 1928 verba

166 1957 213 1993 et
232 1948 277 1991 in
299 1943 533 2000 sacerdotis
552 1943 758 2008 precibus
778 1944 990 2009 vsurpata.
1059 1949 1180 1992 Nam
1202 1947 1406 2010 Cyrillus,
1433 1951 1566 2013 {lqui-

167 2029 349 2076 cunque
375 2009 531 2060 auRor
563 2009 644 2066 est,
693 2012 876 2061 Catech·
896 2010 1092 2075 Mystag.
1115 2017 1167 2059 V.
1204 2022 1329 2077 (pag.
1363 2031 1467 2076 537.
1497 2013 1566 2062 ed.

165 2081 392 2138 Preuotii)
422 2079 535 2125 clare
561 2079 676 2126 hanc
693 2080 933 2126 formulam
952 2092 1289 2128 commemorat.
1371 2087 1432 2130 At
1454 2081 1565 2130 illud

167 2157 343 2195 certum
366 2144 446 2201 est,
467 2163 564 2193 eam
582 2148 628 2193 in
648 2145 855 2194 omnibus
874 2148 1081 2211 precibus
1094 2148 1280 2211 publicis
1302 2148 1565 2215 vsurpatam‚

165 2231 314 2278 neque
351 2212 456 2262 inde
489 2216 724 2277 quicquam
765 2231 849 2279 pro
878 2217 1117 2263 Ilffuratorii
1150 2217 1374 2264 'sententia
1413 2218 1564 2279 colligi

165 2279 326 2349 Potest.
422 2285 483 2327 At
506 2283 681 2349 Bqfilius
708 2281 798 2343 (de
817 2284 926 2344 Spir.
945 2286 985 2329 S.
1006 2300 1042 2330 c.
1067 2289 1170 2341 27.)
1204 2301 1294 2331 non
1319 2295 1563 2332 contentos

88 2412 91 2415 ι
167 2347 431 2397 Christianos
454 2346 563 2395 dicit
582 2351 654 2406 iis,
699 2366 812 2413 quae
836 2362 1162 2398 commemoret
1182 2349 1445 2417 Apostolus,
1489 2362 1565 2399 aut

165 2418 479 2477 Euangelium,
522 2432 678 2463 verum
699 2419 776 2463 alia
802 2427 848 2463 et
870 2428 972 2464 ante
992 2429 1038 2465 et
1055 2417 1154 2483 post
1183 2420 1565 2479 consecrsfitionem

170 2485 339 2540 dicere,
379 2499 493 2547 quae
513 2501 565 2531 ex
585 2482 824 2531 traditione
843 2501 935 2531 non
957 2486 1118 2550 scripta
1139 2489 1401 2552 acceperint.
1477 2487 1566 2535 Sed

170 2569 284 2618 quae
302 2548 527 2597 necessitas
559 2549 621 2597 est
645 2550 844 2607 credere,
885 2552 998 2600 haec
1027 2553 1081 2599 de
1100 2552 1264 2608 verbis,
1308 2565 1354 2602 et
1381 2571 1475 2601 non
1510 2555 1564 2601 de

167 2620 317 2673 rebus,
338 2617 586 2679 generibus,
606 2628 652 2665 et
672 2619 888 2683 capitibus
909 2637 1095 2684 precum
1116 2631 1162 2667 et
1181 2620 1564 2686 supplicationum,

154 2681 456 2748 'intelligenda
471 2684 566 2747 ess‘e,
585 2703 697 2752 quae
717 2701 1041 2738 commemorat
1061 2689 1248 2752 Cyrillus
1278 2690 1368 2749 (Le,
1379 2708 1421 2757 p.
1436 2699 1565 2751 538.)

1440 2761 1566 2807 Nam

1648 2809 1665 3068 ΜΝ
1655 2782 1664 2794 τ»
1659 2691 1665 2769 ...Δ-ᾳ.
1661 2648 1665 2671 u
1657 2620 1659 2628 -
1660 2584 1664 2605 2„
1655 2286 1666 2552 Q:-
1660 2164 1665 2274 -m-fiffl
1663 2099 1666 2152 μμ,
1661 2049 1667 2085 ..⁴
