1682 3068
208 165 320 226 ³42
550 174 617 206 nr.
648 175 992 208 PnAzsnurxA
1028 176 1318 213 convotur

217 279 500 337 obtulissent,
529 280 600 327 vel
617 282 835 330 conuiuae
855 283 1016 348 plures,
1049 282 1102 330 ad
1123 301 1237 349 quos
1254 285 1507 336 sacrificium
1528 300 1622 336 non

220 354 494 421 pertineretz
553 350 599 395 in
637 355 788 397 Coena
825 350 937 398 sacra
978 363 1122 398 totam
1161 356 1362 418 corporis
1397 354 1623 404 vistimam

222 422 463 482 accipimus
483 415 713 465 vescendo.
779 417 952 466 Deinde
970 430 1066 465 tota
1083 421 1196 467 ratio
1215 437 1367 469 earum
1386 424 1623 486 epularum

221 485 429 555 profesto
447 501 542 532 non
561 481 623 530 est
642 484 736 531 satis
754 484 992 539 intelle-sta,
1013 483 1163 551 estque
1181 490 1367 536 omnino
1392 488 1623 548 eiusmodi,

220 567 271 605 vt
290 559 470 603 Coenae
489 556 529 601 S.
547 552 672 599 nullo
692 551 832 600 modo
850 565 950 617 apta
969 551 1031 600 fit.
1103 554 1307 613 Etenim,
1339 567 1388 604 vt
1403 557 1458 605 ab
1477 553 1622 622 epulis

219 622 461 687 gentilium
494 621 781 683 incipiamus,
848 637 926 666 eae
953 622 1118 669 nullam
1160 620 1518 671 coniunaionem
1549 625 1623 672 ha-

221 691 364 740 buere
382 694 486 736 cum
506 688 743 748 religione:
773 689 854 740 {sed
876 692 1087 752 quoniam
1106 687 1380 738 victimarum
1406 708 1508 756 pars
1530 704 1624 739 tan-

220 768 323 807 tum
343 756 512 804 solebat
530 755 770 811 immolari,
813 766 909 802 exta
928 756 1023 803 fere
1050 767 1094 804 et
1115 757 1273 823 adeps,
1311 770 1360 805 vt
1379 770 1547 806 notum
1562 756 1625 806 est

223 844 250 874 e
270 827 414 891 poetis
433 825 599 886 graecis
619 833 665 868 et
680 822 836 878 latinis,
870 837 1044 871 ceterae
1065 842 1218 872 carnes
1238 824 1536 874 reddebantur
1555 828 1624 884 iis,

220 896 299 959 qui
319 891 519 939 animalia
535 887 760 937 mastanda
780 888 1001 938 dedissent.
1084 895 1168 940 Eas
1187 910 1326 958 porro
1347 910 1501 941 carnes
1521 895 1621 941 lice·

218 962 299 1010 bat
316 959 395 1008 fibi
411 959 580 1006 seruare
601 973 771 1014 omnes,
801 957 853 1004 ad
875 958 997 1006 vsurn
1018 960 1215 1015 familiae,
1237 963 1381 1013 etiam,
1411 959 1443 1008 fi
1452 961 1621 1008 absumi

219 1039 422 1079 recentes
442 1042 534 1074 non
554 1023 740 1089 possent,
761 1023 843 1071 sale
862 1026 1064 1074 conditas
1087 1028 1258 1075 seruare
1275 1029 1331 1075 ad
1350 1027 1473 1076 vsunn
1483 1029 1624 1078 ceteri

218 1097 458 1162 temporis,
500 1093 690 1157 denique
712 1094 842 1140 etiam
863 1093 1075 1152 vendere,
1120 1096 1188 1142 vel
1211 1112 1294 1160 per
1322 1107 1466 1161 partes
1488 1095 1624 1160 pluri-

219 1164 320 1220 bus,
342 1163 411 1209 vel
430 1159 649 1209 vniuersas
669 1161 808 1215 laniis,
827 1178 851 1208 a
871 1160 1033 1226 quibus
1047 1161 1346 1209 venderentur
1360 1165 1407 1211 in
1418 1163 1622 1218 macello,

218 1230 348 1299 quod
367 1230 502 1277 etiam
519 1228 658 1275 Paulli
676 1227 822 1281 verbis
841 1230 1103 1290 intelligitur
1129 1247 1147 1277 1
1178 1231 1277 1278 Cor.
1305 1246 1376 1284 10,
1398 1248 1473 1288 25.
1539 1228 1625 1277 Sed

218 1297 420 1349 moribus
431 1300 709 1347 Graecorum
725 1294 814 1341 hoc
833 1295 1056 1343 sordidum
1070 1294 1309 1360 putabatur·
1327 1308 1374 1344 et
1392 1296 1599 1344 illiberale
1611 1312 1626 1353 ;

220 1366 341 1416 vnde
370 1364 425 1413 ab
453 1361 737 1425 Theophrasto
776 1363 823 1408 in
859 1363 1058 1427 partibus
1095 1362 1391 1411 illiberalitatis
1437 1366 1620 1429 ponitur

224 1433 422 1484 CharaH.
442 1447 523 1482 22.
602 1433 757 1493 Itaque
774 1429 1046 1491 locupletes,
1088 1429 1311 1478 liberalius
1330 1442 1378 1479 et
1398 1428 1623 1480 honestius

220 1505 375 1550 viuere
404 1499 537 1554 soliti,
593 1513 746 1544 earum
778 1499 976 1545 carnium
1014 1508 1162 1561 partes
1190 1497 1414 1547 donabant
1455 1500 1624 1555 amicis,

220 1572 424 1634 itemque
444 1567 595 1633 epulas
614 1563 848 1621 faciebant,
888 1567 935 1611 in
955 1564 1113 1629 quibus
1133 1582 1284 1612 earum
1305 1583 1406 1629 pars
1427 1565 1624 1612 absume·

219 1648 374 1688 retur:
443 1633 564 1696 quod
607 1631 870 1694 intelligitur
920 1633 1023 1679 loco
1071 1633 1363 1695 Xenophontis
1398 1635 1535 1689 ‚Mem
1578 1632 1623 1681 S·

221 1707 302 1761 II,
357 1720 408 1763 3,
455 1695 531 1750 ὶῐ.
625 1702 730 1746 Nec
777 1695 1136 1746 coniunfflonem
1184 1701 1342 1748 harum
1388 1702 1625 1766 epularum

222 1789 332 1821 cum
375 1770 592 1830 religione
627 1768 771 1827 arguit
798 1768 925 1814 locus
969 1767 1108 1814 Paulli
1159 1782 1175 1812 1
1211 1768 1309 1817 Cor.
1348 1779 1370 1822 8
1388 1804 1398 1823 ‚
1437 1785 1506 1814 10.
1548 1767 1624 1815 vbi

222 1839 456 1905 epularum
485 1838 642 1884 talium
675 1835 723 1880 in
757 1832 941 1882 delubro
978 1831 1171 1882 astarum
1205 1831 1267 1881 est
1300 1852 1623 1882 commemora·

222 1909 304 1956 tio.
406 1907 528 1952 Nam
551 1905 770 1969 primum,
811 1900 855 1947 id
884 1918 978 1948 non
1011 1912 1280 1966 perpetuum
1308 1900 1431 1949 fuiffe
1458 1902 1623 1950 indicat

221 1976 335 2024 alter
350 1975 478 2021 locus
503 1989 576 2028 ιο,
596 1986 671 2029 27.
706 1967 782 2016 vbi
813 1968 1016 2030 profeao
1038 1986 1129 2017 non
1149 1968 1210 2016 est
1237 1971 1380 2017 sermo
1403 1970 1455 2015 de
1477 1971 1622 2033 epulis

220 2046 270 2093 in
288 2040 492 2096 delubro,
525 2037 648 2103 quod
667 2038 710 2082 in
730 2038 780 2084 iis
803 2034 892 2083 fine
913 2037 1073 2084 indicio
1093 2035 1338 2093 constabat,
1378 2055 1404 2084 e
1428 2035 1621 2085 vistimis

222 2127 378 2159 carnes
398 2105 620 2173 praeberi:
663 2102 844 2160 deinde,
886 2104 946 2151 ibi
977 2105 1129 2169 epulas
1156 2105 1267 2152 tales
1298 2107 1342 2152 in
1371 2105 1620 2169 porticibus

222 2177 531 2239 instituebant,
569 2170 728 2238 quibus
760 2171 881 2218 domi
911 2173 1039 2219 locus
1069 2172 1333 2219 commodus
1362 2189 1456 2219 non
1489 2171 1619 2229 effet;

221 2249 274 2295 in
290 2249 343 2294 iis
362 2250 513 2294 autem
529 2243 662 2290 etiarn
683 2240 763 2286 alia
784 2238 976 2287 humana
995 2244 1064 2300 agi
1088 2239 1209 2287 solita
1235 2239 1342 2298 esse,
1384 2239 1479 2286 satis
1510 2255 1618 2287 con-

223 2313 320 2362 stat.
419 2313 498 2367 Et,
536 2308 657 2374 quod
675 2306 862 2369 gentiles
878 2306 928 2353 ad
951 2325 1020 2353 eas
1044 2309 1190 2371 epulas
1223 2310 1351 2354 etiam
1373 2305 1618 2355 inuitabant

223 2383 392 2429 amicos
421 2396 447 2426 e
470 2370 746 2430 christianis,
789 2391 813 2420 a
831 2374 988 2437 quibus
1009 2378 1133 2421 Deos
1161 2375 1259 2421 suos
1286 2373 1480 2421 sciebant
1511 2390 1626 2421 con*

222 2449 389 2506 temni,
424 2446 470 2494 id
488 2440 690 2510 profefilo
709 2443 824 2489 clare
839 2441 994 2497 docet,
1025 2456 1101 2488 eas·
1121 2443 1231 2489 nihil
1253 2439 1481 2490 coniunsti
1508 2458 1618 2488 cum

223 2518 441 2577 religione
475 2512 679 2559 habuiffe.
778 2509 915 2572 Apud
958 2507 1143 2556 Iudaeos
1184 2520 1331 2556 autem
1372 2509 1478 2556 tales
1509 2525 1618 2573 epu·

223 2583 286 2631 las
303 2581 529 2642 religiosas
546 2576 671 2626 fuiffe
683 2611 694 2632 ‚
737 2576 861 2623 nullo
880 2578 1109 2623 literarum.
1125 2576 1336 2623 sacrarum
1358 2574 1616 2624 testimonio

223 2650 374 2700 doceri
393 2644 562 2712 potest:
602 2645 673 2692 sed
693 2662 718 2691 e
734 2644 932 2708 partibus
952 2642 1224 2695 viaimarum
1243 2644 1318 2704 iis,
1362 2659 1477 2758 quas}
1497 2643 1616 2691 sacri,

1483 2712 1615 2760 canti-
