1682 3068
272 135 335 164 ετ
375 131 676 165 saner-nus
716 131 752 163 r.
789 133 830 163 c.
867 135 928 165 ne
959 131 1130 166 contu
1166 114 1332 164 εΑἶτιυί
1404 129 1505 182 135

69 287 74 294 ,
92 237 300 290 §dbo'ni
311 239 441 287 sumti
461 249 510 286 et
525 239 696 302 accepti
716 238 872 284 refert:
909 250 1122 305 tanquam
1139 240 1184 285 in
1203 234 1503 288 verbisPaulli

100 305 228 361 effet,
269 311 491 354 communio
508 309 636 367 panis
662 305 718 369 efl
746 322 884 351 comm·
904 318 978 353 cet.
1069 304 1153 353 Sed
1172 315 1503 368 argumentum,

98 372 223 439 quod
242 392 294 420 ex
312 391 367 421 eo
395 375 498 420 loco
518 372 752 437 perspicue
782 371 976 427 ducitur,
1017 373 1276 422 huiusmodi
1307 372 1392 421 est:
1440 374 1501 429 si,

96 444 178 506 qui
194 458 310 504 pane
328 438 621 487 Eucharistico
639 439 880 485 vescuntur
892 477 903 494 ,
924 438 1208 488 adducuntur
1227 445 1273 489 in
1292 457 1499 491 commth

97 511 285 567 nionem
298 508 505 572 *corporis
516 503 697 555 Christi:
714 508 839 567 (nam
861 507 990 553 hunc*
1005 507 1173 554 sensum
1193 512 1329 557 etiam
1347 506 1499 565 aduer-

94 575 168 628 ἦε
193 577 330 640 put-is
354 574 584 635 Theologi
612 574 801 628 faciunt,
855 585 902 620 et
930 575 1052 627 hunc
1079 575 1231 622 saltem
1262 576 1495 624 admittere

94 641 280 700 dehent,
299 657 308 704 ζ
324 658 410 688 nec
439 640 662 706 improbat
699 642 816 688 hanc
842 643 1262 705 interpretationem
1291 646 1495 693 Calauius

93 710 154 763 agl*
170 707 314 771 h,;l.,fi
331 707 452 756 reae
470 709 807 768 intelligatum)
839 725 919 756 ore
945 709 1117 756 sumant
1144 727 1308 775 corpus
1332 708 1493 758 Christi

89 773 260 834 neoeffe
277 774 360 834 est,
391 793 485 824 nou
505 794 585 841 per
602 775 812 838 figuram,
844 787 890 824 et
907 776 1063 841 spiritu
1082 776 1220 825 modo
1240 795 1320 841 per
1341 777 1493 827 fidem.

87 848 212 899 Nom
231 841 265 901 fi
283 847 372 891 hoe
390 841 505 903 effet,
529 842 683 891 fideles
705 854 881 893 tantum
896 843 955 898 ‚ad
971 844 1100 892 illam
1119 847 1494 893 communionem

82 914 400 978 pyt-uenirent,
432 911 559 977 quod
577 910 658 976 ipsi
677 912 838 959 volunt
856 930 906 959 ac
924 912 1183 970 defendunt,
1211 929 1306 961 non
1329 929 1491 960 omnes

83 980 271 1044 pariter,
297 981 374 1045 qui
389 996 554 1046 panem
572 979 766 1027 sumunt.
812 981 944 1027 Enim
966 997 1073 1027 vero
1095 997 1252 1028 omnes
1273 997 1325 1027 ex
1335 997 1494 1044 aequo,

82 1045 325 1098 seeundum
346 1048 586 1095 Paullinam
606 1050 840 1102 rationem,
870 1050 917 1094 in
937 1050 1306 1096 communionem
1325 1064 1491 1112 corpo-

0 1141 1 1148 *
80 1114 144 1163 ris
176 1125 223 1163 et
249 1114 471 1177 sanguinis
491 1113 649 1164 Christi
668 1117 960 1180 perueniant,
993 1118 1075 1181 qui
1093 1116 1288 1164 sumunt.
1356 1113 1491 1163 Vnde

81 1179 295 1238 efficitur,
339 1194 389 1230 vt
416 1182 572 1231 falsum
599 1181 673 1241 fit,
717 1183 841 1248 quod
870 1183 924 1231 ab
953 1183 1039 1231 illis
1069 1183 1276 1239 sumitur,
1317 1199 1490 1238 verum,

114 1248 207 1296 uod
223 1267 308 1298 nos
329 1249 620 1299 defendimus.
685 1250 772 1298 Sed
790 1268 844 1298 ex
861 1262 1015 1299 mente
1030 1252 1194 1308 Paulli,
1221 1267 1379 1299 omnes
1397 1247 1490 1297 line

78 1266 331 1366 discrimine
355 1317 575 1365 vescendo
599 1335 650 1368 ac
677 1317 872 1367 bibendo
898 1322 945 1366 in
964 1321 1334 1367 communionem
1352 1335 1490 1383 quan·

81 1384 187 1432 dam
207 1387 410 1449 corporis
431 1382 590 1433 Christi
609 1387 780 1444 venire,
800 1386 844 1432 id
865 1384 925 1433 fic
942 1386 1219 1447 intelligitur.
1283 1387 1490 1434 Primum

81 1454 228 1506 oratio
249 1453 386 1500 Paulli
405 1462 453 1500 et
476 1451 725 1502 admonitio
739 1490 751 1510 ,
780 1470 893 1518 quae
911 1463 1264 1501 commemorata
1283 1454 1488 1518 eorporis

79 1517 240 1568 christi
260 1535 346 1584 per
362 1537 525 1585 panem
545 1518 892 1569 Eucharisticum
914 1523 1240 1569 communione
1266 1519 1488 1579 firmatur,

76 1586 135 1636 ad
153 1603 312 1642 omnes
331 1588 605 1647 Corinthios,
628 1590 704 1653 qui
722 1588 764 1635 se
776 1587 1043 1638 Christianos
1068 1587 1252 1644 ferrent,
1276 1603 1486 1652 exaequo

76 1656 301 1720 pertinet,
339 1671 435 1704 non
460 1655 600 1704 modo
625 1653 798 1704 faustos
825 1668 875 1704 et
901 1654 1074 1714 fideles,
1133 1653 1209 1703 sed
1236 1656 1398 1714 etiam,
1433 1663 1484 1703 et

77 1723 222 1774 multo
241 1725 405 1784 magis,
447 1733 645 1786 ceteros3
713 1723 767 1771 de
801 1741 946 1789 eoque
976 1722 1166 1771 dubitari
1195 1739 1290 1771 non
1321 1719 1485 1788 potest,

77 1799 175 1841 tota
193 1789 486 1854 disputatione
505 1793 704 1840 Paullina
720 1791 926 1840 aduersus
956 1808 1056 1848 eos,
1098 1792 1181 1857 qui
1211 1792 1422 1839 conuiuia
1455 1806 1486 1838 o

77 1858 283 1906 eni-nibus
322 1855 601 1908 viaimaemm
638 1861 836 1916 obirent,
882 1860 1114 1907 clamante.
1210 1863 1335 1906 Nam
1381 1859 1482 1922 quis

78 1924 279 1977 dubitare
294 1924 451 1990 potest,
464 1938 636 1991 partem
654 1945 810 1975 eorum
832 1930 1046 1975 maiorem
1066 1923 1195 1974 fuiffe.
1211 1925 1267 1972 de
1287 1941 1482 1973 numero

77 1993 417 2056 hypocritarum
430 2028 447 2052 ‚
487 2012 619 2058 quam
637 2013 741 2042 vere
761 1994 961 2043 fidelium
979 2006 1026 2041 et
1043 1991 1321 2043 sanstorum:
1374 2008 1480 2041 nam

76 2061 226 2109 minae
252 2060 350 2107 illae
372 2061 592 2109 Paullinae
619 2060 827 2127 proflatio
854 2079 949 2111 non
984 2060 1187 2111 fidelibus
1215 2077 1483 2127 proponun-

77 2137 171 2184 tur,
212 2127 284 2174 sed
301 2125 574 2192 hypocritiS,
606 2128 675 2176 his
695 2140 815 2178 certe
838 2133 1040 2178 maxime.
1115 2131 1175 2176 Et
1206 2130 1291 2177 hos
1325 2139 1483 2176 tamen

75 2194 193 2261 ipsos
210 2194 266 2241 ab
288 2212 335 2241 ea
357 2195 534 2243 licentia
558 2195 933 2250 deterretPaullus
952 2198 1041 2245 hoc
1052 2207 1336 2260 argumento,
1356 2192 1479 2260 quod

75 2278 160 2328 per
186 2260 506 2311 Eucharistiam
542 2261 653 2311 fiant
681 2267 918 2331 participes
953 2266 1154 2329 corporis
1183 2277 1230 2312 et
1258 2259 1479 2325 sanguinis

69 2329 252 2380 Christi.
324 2329 478 2383 Quid?
510 2329 636 2396 quod
656 2333 768 2381 clare
788 2351 825 2379 v.
851 2347 926 2390 17.
944 2335 1046 2398 quia
1064 2348 1223 2379 omnes
1242 2348 1294 2379 ex
1315 2328 1479 2378 eodem

12 2456 16 2457 ⁷
75 2413 194 2464 pane
219 2397 472 2454 vescantur,
540 2415 697 2445 omnes
734 2399 933 2447 eiusdem
966 2403 1168 2463 corporis
1205 2397 1293 2447 esse
1328 2397 1477 2454 docet,

76 2482 244 2529 nempe
274 2482 355 2529 per
374 2466 760 2530 participationem
788 2465 990 2513 eiusdem
1019 2469 1220 2531 corporis
1244 2464 1402 2514 christi
1432 2468 1480 2512 in

78 2535 232 2581 Coena
262 2533 389 2579 sacra.
495 2538 624 2589 Quae
654 2537 768 2582 ratio
797 2545 893 2580 tota
920 2536 1062 2580 inanis
1083 2533 1146 2582 est
1164 2547 1212 2582 et
1230 2533 1413 2596 frigida,
1450 2531 1481 2579 fi

36 2613 50 2667 J
80 2601 206 2667 impii
235 2612 281 2648 et
306 2600 570 2668 hypocritae
597 2600 694 2651 solo
720 2618 837 2670 pane
854 2601 1110 2662 vescuntur,
1154 2619 1249 2652 non
1267 2620 1353 2651 vna
1384 2617 1482 2665 per-

800 2673 822 2717 1
856 2684 888 2728 4
1306 2671 1483 2736 cipiunt
