1682 3068
199 163 299 215 520
368 164 434 197 DE
471 163 816 197 THEOLOGIAE
855 149 1132 197 ΗῙΕΤΟΚὶΟ.
1171 166 1240 197 1:¹1·
1278 166 1507 200 DOGMAT.

206 271 450 322 verborum
465 269 652 318 flumine
674 268 908 317 obscurans
927 272 1169 324 veritatem,
1200 273 1400 338 nihilque
1415 275 1485 322 vel
1504 273 1602 322 bre·

209 343 321 389 viter
347 338 721 401 argumentando,
751 338 822 384 vel
850 338 1068 387 subtiliter
1108 338 1437 403 distinguendo,
1478 345 1545 390 vel
1577 359 1604 390 e

209 412 429 455 contraria
446 418 573 471 parte
594 406 870 471 opponendo
898 405 1072 455 efficere
1095 407 1248 470 potest.
1314 408 1445 456 Vnde
1463 407 1524 466 fit,
1557 421 1605 457 vt

206 474 261 524 ab
288 486 419 522 acuto
450 484 496 522 et
524 473 668 523 subtili
697 473 965 538 disputatore
992 474 1119 522 facile
1140 479 1184 522 in
1203 474 1417 538 angustias
1438 476 1604 538 rediga·

205 552 293 598 tur,
322 554 455 607 atque
482 544 525 589 in
555 542 733 607 laqueos
755 544 1018 590 coniiciatur
1043 561 1132 598 eos,
1165 561 1190 590 e
1217 543 1381 609 quibus
1413 544 1453 590 se
1474 562 1605 609 expe·

205 610 300 658 dire
320 613 387 657 vix
408 608 556 675 poffit:
591 627 679 674 qua
699 626 746 655 re
763 609 1043 658 debilitantur
1063 613 1244 671 ingenia
1267 613 1605 677 imperitiorum‚

206 681 283 742 qui
304 677 358 724 de
380 680 562 727 veritate
580 675 744 724 caussae
762 678 904 725 solent
921 696 947 725 e
967 675 1147 725 viaoria
1166 678 1472 743 disputationis
1493 678 1602 726 iudi-

207 763 317 792 care.
382 750 538 810 Itaque
568 745 677 793 mihi
706 746 908 808 inprimis
938 746 1112 811 semper
1143 747 1310 809 placuit
1340 744 1606 794 instruami-

205 830 303 862 mae
332 813 450 866 illius
483 814 753 880 Panstratiae
785 811 951 868 anaor,
983 816 1270 870 Chamierius,
1315 817 1388 878 qui
1419 825 1604 861 contro-

205 880 381 930 verfias,
416 897 531 945 quae
550 897 651 928 cum
674 880 910 928 Pontificiis
939 881 1226 929 intercedunt
1245 879 1604 939 Protestantibus,

204 950 260 998 ita
282 946 447 1004 trastat,
473 959 518 996 vt
540 950 768 1012 Vtriusque
789 949 922 1012 partis
943 951 1139 995 rationes
1162 949 1214 996 ad
1229 947 1490 996 Dialefficas
1514 949 1607 995 for-

202 1017 347 1065 mulas
368 1015 548 1076 redigat,
581 1025 639 1070 et,
673 1013 777 1079 quid
798 1018 849 1061 iis
870 1015 938 1060 vel
958 1013 1288 1071 confirmandis,
1319 1017 1389 1063 vel
1407 1016 1606 1076 frangen-

204 1082 269 1133 dis
289 1100 340 1130 ac
360 1081 642 1131 diffoluendis
663 1081 913 1131 faciendum
933 1080 990 1135 sit,
1012 1081 1222 1139 ostendat,
1242 1086 1287 1129 et
1305 1094 1403 1130 tum
1424 1083 1605 1130 demum

205 1154 357 1215 copias
379 1151 590 1199 sacrarum
612 1151 850 1202 literarum,
865 1160 911 1196 et
930 1149 1194 1214 scriptorum
1206 1148 1606 1207 ecclesiasticorum,

203 1216 409 1284 adspersis
431 1217 815 1267 obseruationibus
841 1218 1200 1274 hermeneuticis‚
1229 1219 1405 1272 criticiS,
1435 1215 1605 1264 histori-

204 1289 277 1342 εἰς,
297 1285 485 1334 adducat
503 1285 554 1332 ad
579 1285 889 1348 pugnandum:
922 1302 1034 1352 quae
1052 1302 1121 1335 res
1143 1283 1355 1334 iudicium
1377 1287 1426 1333 in
1446 1294 1604 1334 vtram·

204 1369 295 1423 que
309 1363 477 1416 partem
498 1353 666 1402 facilius
685 1353 799 1403 facit.

303 1420 389 1472 Sed
426 1438 519 1469 non
553 1423 713 1478 minus,
747 1433 880 1487 atque
903 1418 1013 1467 adeo
1042 1421 1188 1468 multo
1219 1421 1357 1481 magis
1377 1419 1527 1466 vitiosa
1544 1416 1607 1466 est

206 1489 465 1548 Theologia
495 1492 758 1550 dogmatica,
792 1506 904 1552 quae
934 1500 1080 1534 careat
1103 1487 1350 1544 historicae,
1383 1504 1513 1550 quam
1534 1503 1607 1533 an·
1672 1492 1675 1494 ’

206 1567 252 1608 te
275 1554 588 1621 descripsimus,
621 1558 764 1621 copiis
786 1568 916 1619 atque
940 1554 1146 1605 subsidiis.
1214 1561 1283 1603 Ac
1300 1557 1499 1620 primum
1523 1555 1608 1600 sae-

205 1624 377 1691 pissime
396 1625 545 1674 vitiosa
564 1622 625 1673 est
646 1626 692 1672 in
722 1622 1062 1678 definitionibus,
1097 1640 1284 1687 quarum
1304 1625 1459 1669 vitium
1482 1621 1605 1684 saepe

207 1693 403 1758 quodam
430 1691 545 1756 quasi
574 1694 783 1752 contagio
813 1693 1014 1753 inquinat
1041 1701 1155 1737 totas
1185 1690 1238 1735 de
1265 1688 1394 1736 rebus
1416 1687 1606 1749 grauiffi-

207 1764 291 1809 mis
325 1760 668 1822 disputationes:
703 1757 823 1824 quod
852 1757 960 1804 nihil
988 1757 1104 1803 bene
1134 1757 1377 1820 procedere
1395 1753 1540 1819 potest
1560 1757 1607 1802 in
1665 1754 1669 1756 “

212 1825 481 1880 differendo,
533 1824 565 1874 fi
607 1825 842 1889 disputatio
872 1842 896 1872 a
922 1824 1078 1871 vitioso
1107 1822 1347 1871 definiendi
1385 1823 1607 1887 principio

206 1893 522 1962 proficiscatur.
590 1894 780 1949 Etenim,
811 1894 886 1958 qui
915 1894 960 1938 in
981 1892 1234 1951 Theologia
1256 1889 1489 1938 confidunt
1507 1888 1608 1936 sub·

209 1964 361 2013 tilitati
384 1961 724 2026 philosophicae,
757 1958 848 2005 sine
867 1960 1002 2006 literis
1021 1959 1224 2022 plurimis
1246 1969 1292 2015 et
1316 1957 1510 2012 historia,
1538 1954 1609 2004 vel

212 2040 438 2086 coquntur
461 2028 584 2092 sequi
606 2026 822 2075 versiones
852 2036 897 2074 et
924 2027 1142 2073 sacrorum
1159 2036 1206 2072 et
1224 2023 1610 2078 ecclesiasticorum

211 2088 445 2149 librorum,
474 2113 587 2163 quae
608 2096 706 2142 sunt
727 2103 886 2159 parum
914 2105 1072 2148 certae,
1109 2091 1343 2158 saepissime
1363 2095 1497 2140 etiam
1518 2091 1609 2140 val·
1674 2141 1679 2151 Ι

213 2166 269 2215 de
290 2164 478 2218 vitiosae,
511 2165 558 2210 in
587 2161 817 2227 posteriori
844 2163 889 2208 in
919 2163 1072 2226 primis
1104 2178 1280 2222 genere,
1309 2171 1356 2207 vt
1374 2170 1476 2207 ante
1502 2157 1608 2209 dixi⁴

210 2250 324 2282 mus,
361 2233 445 2288 vel,
478 2229 507 2279 fi
528 2249 577 2277 ex
596 2231 855 2277 authentico
877 2230 1097 2286 hauriunt,
1117 2227 1238 2292 quod
1259 2227 1394 2275 hodie
1418 2227 1511 2273 fere
1531 2242 1608 2272 vo·

213 2302 315 2351 lunt
346 2299 492 2353 videri,
526 2310 676 2346 tamen
705 2297 837 2344 verba
866 2314 890 2341 e
918 2298 1065 2343 lexicis
1096 2294 1349 2356 vulgaribus
1381 2303 1611 2355 coguntur

211 2368 503 2432 interpretari,
525 2383 636 2431 quae
656 2363 892 2427 saepiffime
911 2364 1078 2417 fallunt,
1110 2379 1202 2410 non
1223 2362 1360 2410 modo
1383 2362 1460 2408 suo
1484 2363 1610 2417 vitio,

210 2435 333 2499 quod
353 2435 620 2499 plerumque
634 2431 952 2495 etymologiam
976 2429 1114 2480 modo
1133 2429 1370 2477 verborum
1383 2440 1610 2491 vtcunque

212 2505 478 2565 exprimunt,
491 2512 564 2547 aut
586 2501 722 2546 verbo
744 2515 836 2545 non
859 2498 954 2544 satis
973 2491 1611 2562 respondente,alterius‚quod

211 2581 305 2616 erat
338 2567 746 2632 interpretandum,
775 2563 1103 2626 significationi,
1134 2576 1211 2612 aut
1239 2564 1403 2612 formas
1429 2561 1610 2609 dicendi

212 2637 266 2688 ad
285 2635 470 2687 verbum
489 2646 683 2692 vertunt,
714 2632 785 2682 sed
804 2634 932 2680 etiam
954 2649 1125 2691 eorum,
1156 2650 1179 2680 a
1199 2631 1358 2698 quibus
1379 2629 1613 2680 consulunt

1520 2706 1609 2752 tur,
