1682 3068
245 190 313 223 m·
347 185 641 222 saum-uns
673 185 709 216 ι.
740 185 784 218 c.
822 185 884 218 ιιι
917 166 1092 218 conia
1128 181 1303 218 uena
1371 182 1469 233 131

76 313 130 345 ea
147 305 325 360 negata,
365 303 416 343 et
432 292 572 356 figura
585 289 760 339 admissa
782 308 857 346 ea,
893 309 1025 357 quam
1050 290 1296 358 defendunt
1319 289 1474 341 aduer-

76 365 194 421 sarii,
234 360 393 425 frigida
418 358 559 408 existit
587 370 634 407 et
660 375 816 425 parum
846 358 979 421 digna
1004 358 1179 409 Christo
1209 361 1472 421 tautologia.

77 431 204 488 Quid
229 433 350 484 enim
377 425 568 476 efficitur
592 427 680 475 illis
709 425 877 481 verbis,
913 425 945 473 fi
977 431 1154 492 tropice
1181 429 1473 492 accipiuntur,

76 496 170 554 nisi,
203 499 255 545 in
272 513 385 562 poue
403 506 453 542 et
473 496 578 542 vino
596 493 683 542 effe
700 493 888 555 figuram
906 506 954 541 et
973 497 1294 556 cogitationem
1312 492 1473 543 eluisti

78 568 241 623 necati,
257 580 361 612 eum
378 561 468 610 fide
484 572 533 609 et
549 575 677 624 grato
697 565 847 610 animo
866 561 1174 625 vsurpandam:
1207 574 1255 610 et
1273 561 1473 610 sicintel-

77 634 157 694 ligi
174 633 343 682 ,voluut-
394 631 639 677 Enimuero
656 630 701 676 id
722 627 783 676 est
801 630 963 694 pariter
978 631 1024 676 in
1045 629 1227 676 clausula
1248 631 1475 678 orationis·

77 705 244 765 Neque
258 699 377 745 enim
396 695 635 761 ἀνάμνησις
651 697 721 744 illa
741 694 804 743 est
820 698 912 752 alia,
930 714 1059 761 quam
1071 698 1283 757 cogitatio
1293 713 1474 746 memor:

78 765 237 817 Ciuili
276 767 446 820 necati,
511 782 616 812 cum
644 763 731 811 fide
772 775 819 811 et
865 775 989 825 grata
1028 775 1181 812 mente
1219 766 1475 813 recolenda·

79 835 265 899 Quippe
279 830 338 880 fic
352 831 436 880 dici
450 830 688 896 ἀνάμνησιν
711 834 760 879 in
781 832 1036 896 scripturis,
1069 831 1231 879 talibus
1258 834 1303 878 in
1321 834 1476 891 rehu&

72 902 241 953 clarum
261 899 342 957 est,
371 917 465 948 non
484 900 540 948 de
555 899 740 965 simplici
759 902 1214 956 commemoratione,
1249 898 1322 946 sed
1358 918 1478 964 qua·

77 966 318 1017 coniunsta
334 965 386 1015 fit
406 985 509 1017 cum
530 969 680 1031 aliquo
708 968 915 1029 religioso
934 980 1063 1016 motu
1082 978 1131 1015 et
1148 965 1249 1014 ειᾶιι
1269 969 1404 1014 animi
1426 978 1477 1016 et

74 1035 414 1086 reminiscentia.
507 1034 756 1101 ’Δνάμνησις
775 1034 955 1100 quidem
981 1033 1232 1103 αἱμαςτιῶν,
1278 1039 1479 1084 memoria

76 1105 151 1152 vel
165 1107 498 1152 commemoratio
524 1115 811 1169 peccatorum
833 1105 879 1150 in
899 1102 1129 1161 sacrificio,
1170 1105 1277 1151 Ebr.
1321 1120 1376 1151 ro
1389 1140 1400 1160 ‚
1432 1119 1478 1162 3.

77 1169 199 1222 haud
211 1166 348 1217 'dubie
367 1169 448 1227 est,
488 1189 603 1238 quae
622 1169 861 1220 coniunfla
878 1169 930 1219 fit
947 1188 1050 1219 cum
1070 1171 1226 1219 dolore
1244 1180 1292 1217 et
1316 1170 1479 1235 depr&

77 1240 256 1288 atione
270 1237 495 1295 fidelium,
533 1241 710 1305 qualem
730 1240 821 1304 ipse
842 1241 965 1288 Philo
986 1242 1036 1286 de
1062 1240 1245 1288 Viffimis
1264 1238 1479 1299 agnoscit.

81 1309 145 1363 Et
169 1323 268 1353 eam
299 1304 532 1368 ἀνάμνησιν
570 1324 621 1353 ac
647 1309 908 1354 memoriam
936 1309 1120 1370 proprie
1147 1307 1216 1354 lic
1237 1306 1392 1353 referri
1421 1304 1478 1353 ad

80 1384 276 1422 mortem
298 1371 478 1430 Christi,
518 1373 650 1437 plane
670 1373 806 1421 docet
829 1373 1001 1421 Paullus
1021 1390 1074 1420 ex
1101 1375 1184 1422 illis
1213 1372 1310 1439 ipsis
1327 1373 1478 1421 verbis

81 1453 133 1489 et
148 1451 390 1505 praecepto
411 1437 567 1488 Christi
593 1458 611 1489 1
638 1441 736 1488 Cor.
754 1459 773 1489 1
789 1457 824 1498 1,
847 1449 919 1490 26.
940 1439 1258 1496 demonstrans,
1279 1452 1479 1489 mortem

0 1555 1 1559 ,
82 1505 246 1558 Christi
264 1523 348 1572 pro
370 1506 499 1554 nobis
516 1510 592 1572 pie
610 1519 657 1555 et
676 1507 881 1569 religiose
897 1509 1177 1570 cogitandam
1196 1507 1305 1563 effe;
1345 1525 1480 1573 quam

83 1572 170 1623 ess'e
193 1576 282 1630 vim
310 1573 434 1621 verbi
462 1576 800 1639 καταγγέλλειν
836 1588 886 1623 et
919 1574 1119 1623 similium
1154 1581 1198 1623 in
1229 1577 1488 1641 scripturis,

80 1659 163 1711 pet
188 1640 503 1699 hebraismum,
547 1659 653 1690 cum
684 1644 739 1689 de
764 1640 980 1703 religiosis
1006 1642 1171 1691 affibus
1200 1643 1385 1699 dicitur,
1426 1660 1482 1690 ex

12 1727 17 1730 ·
71 1727 112 1758 ,ι
134 1711 257 1759 Petr.
280 1726 320 1766 2,
343 1725 385 1767 9.
407 1711 570 1758 clarum
594 1710 676 1766 est,
712 1709 783 1757 vbi
804 1707 1104 1776 ἐξαγγέλλων
1131 1708 1214 1765 τοὶς
1241 1709 1407 1779 den-dc
1422 1709 1481 1761 τέ

85 1777 359 1831 καλέσαντος
386 1779 530 1840 ἡμεῖς,
572 1795 887 1826 commemorare
915 1782 1102 1833 virtutes
1134 1782 1249 1836 eius,
1288 1781 1365 1845 qui
1394 1795 1483 1825 nos

85 1843 329 1894 traduxerit
344 1844 396 1891 ad
426 1846 567 1892 salutis
587 1863 731 1893 veram
753 1848 1081 1908 cognitionem,
1119 1847 1345 1902 iubemur,
1389 1848 1413 1894 i.
1441 1864 1481 1893 e.

86 1908 208 1975 grau
225 1913 439 1960 memoria
462 1923 508 1958 et
525 1913 850 1976 praedicatione
868 1914 1082 1978 prosequi.
1158 1918 1262 1961 Nec
1280 1931 1387 1960 vero
1411 1915 1481 1960 illa

86 1980 272 2027 clausula
298 1978 434 2026 habet
452 1981 790 2043 explicationem
813 1981 1075 2038 verborum,
1119 1982 1209 2028 hoc
1227 1980 1290 2031 est
1314 1998 1480 2045 corpus

86 2049 263 2102 meum,
294 2047 369 2092 hic
386 2045 449 2092 est
468 2048 635 2108 sanguis
656 2065 805 2104 meus3
838 2048 960 2114 quod
982 2048 1044 2096 est
1062 2052 1295 2096 inuentum
1317 2051 1481 2106 Bataui,

68 2116 240 2174 ,iuuare
257 2114 450 2159 volentis
471 2116 741 2180 Zminglium,
773 2133 876 2164 cum
906 2119 950 2163 se
975 2115 1183 2182 expedire
1212 2134 1305 2163 non
1335 2114 1482 2180 posset

87 2198 143 2229 ex
161 2197 226 2237 ee,
244 2197 375 2244 quam
397 2178 596 2239 diximus,
614 2181 894 2238 difficultate,
916 2186 1041 2248 saepe
1061 2182 1158 2248 post
1178 2182 1328 2231 frustra
1350 2181 1481 2230 iasta·

89 2246 256 2297 tam‘ab
274 2246 540 2296 Reformatis
558 2250 605 2294 in
622 2250 692 2297 illa
712 2251 1001 2315 disputatione
1033 2256 1049 2309 (
1060 2268 1098 2298 v.
1119 2252 1305 2298 Arnaud
1323 2252 1481 2313 Perpe-

89 2314 198 2364 tuite'
212 2319 261 2362 de
280 2318 323 2363 la
343 2317 424 2363 Fon·
448 2317 494 2363 T
509 2319 576 2363 II.
586 2335 635 2378 p.
662 2323 795 2380 120.)
825 2321 1105 2380 incognitum
1127 2317 1348 2365 vniuersae
1365 2320 1479 2365 anti-

91 2385 258 2450 quitati.
334 2386 456 2430 Nam
483 2383 625 2430 forma
642 2387 849 2432 orationis
867 2387 975 2450 ipsa,
1019 2398 1064 2432 et
1084 2386 1319 2449 explicatio
1340 2386 1480 2433 Paulli

63 2478 69 2482 ν
97 2466 118 2497 1
147 2451 252 2499 Cor.
278 2466 297 2496 1
314 2467 351 2507 1,
374 2458 450 2498 26.
485 2450 673 2507 docent,
712 2454 758 2498 in
785 2454 835 2498 iis
856 2452 940 2499 effe
960 2464 1248 2517 praeceptum
1269 2453 1325 2499 de
1342 2452 1481 2500 modo

90 2517 206 2566 illius
222 2520 494 2564 Sacramenti
522 2521 604 2566 rite
622 2517 871 2585 vsurpandi,
910 2537 1003 2567 non
1031 2521 1367 2588 explicationem
1385 2537 1483 2568 ver-

91 2583 251 2656 borum
279 2585 567 2652 superiorum.

799 2725 822 2773 .1
854 2740 882 2771 2
1303 2737 1348 2781 7.
1379 2726 1485 2769 Nee
