1650 3060
426 158 531 194 ιιι
571 143 891 194 tvrrrxnvu-
904 143 1154 193 ‘svntxro'
1387 156 1487 206 553

83 270 236 318 omnia
284 265 600 334 superstitionis
652 285 815 329 genera
832 302 844 324 ,
914 278 1013 316 tum
1056 279 1106 315 et
1146 267 1238 315 hoc
1255 298 1259 301 -
1279 266 1487 314 muniant
1535 296 1539 298 ἡ

85 340 182 390 eius
225 338 436 394 animos3
502 334 683 393 deinde,
750 335 783 383 {i
824 353 911 401 qua
956 336 1108 383 talium
1155 351 1308 382 rerum
1370 333 1488 381 fama

84 405 296 465 extiterit,
362 421 422 451 ne
450 403 640 451 inuidiae
670 414 716 450 et
742 405 833 452 odii
862 414 987 452 metu
1013 414 1216 461 taceant,
1284 400 1358 449 sed
1387 417 1489 450 eam

83 470 320 536 suspestam
338 471 518 529 faciant,
587 489 646 518 ne
674 473 717 517 ei
747 483 920 519 temere
945 470 1177 525 credatur,
1244 469 1318 517 sed
1343 471 1488 516 exitus

81 540 156 587 rei
178 535 487 604 expeEl:etur‚⁴
530 540 606 604 qui
644 549 694 586 vt
730 541 998 605 plerumque
1022 537 1231 607 fraudem
1266 537 1489 603 patefece-

82 607 175 663 rit,
243 609 305 654 ita
332 620 379 654 et
408 609 456 654 in
497 623 547 654 ea
582 624 633 654 re
669 604 723 654 fit
758 605 1063 670 patefasturm.
1162 609 1333 671 Neque
1369 605 1491 653 enim

56 674 173 722 ·vlla
215 674 335 722 fraus
382 686 473 722 tam
518 675 674 722 sollers
734 674 796 721 est
834 686 882 721 et
922 673 1107 730 callida,
1166 685 1217 722 vt
1254 674 1491 720 veritatem

37 756 46 765 ·
84 741 216 807 plane
252 742 509 806 opprimere
545 741 701 807 possit,
772 737 1113 806 nec'relinquat
1151 740 1364 807 quasdam
1394 743 1491 788 eius

85 809 223 857 veluti
258 809 378 856 ansas
396 846 407 866 ,
468 826 555 876 per
592 827 699 874 quas
741 809 1013 874 deprehendi
1054 820 1100 856 et
1127 812 1172 855 in
1208 810 1356 856 lucem
1386 825 1489 874 pro-

84 876 202 924 trahi
231 874 372 941 poffit.
474 883 627 943 Atque
660 881 795 925 etiam
832 878 1178 943 saepe.emergit
1216 878 1291 925 sua
1316 877 1490 938 sponte,

85 941 165 991 etfi
192 944 415 992 interdum
443 944 629 1001 tardiu5‚
699 953 754 992 et*
776 956 931 993 cautos
952 946 1165 992 homines
1182 946 1229 991 in
1259 941 1491 1009 posterum

85 1011 223 1075 facit,
293 1011 323 1058 fi
369 1011 507 1059 modo
555 1012 720 1076 poffint
769 1013 951 1078 sapere:
1026 1028 1133 1059 nam
1178 1013 1387 1061 nonnulli
1429 1013 1493 1060 ita

85 1079 195 1126 tales
234 1081 471 1144 opiniones
510 1079 800 1136 adamauere,
862 1091 910 1128 vt
950 1097 1009 1126 ne
1047 1082 1259 1145 exemplis
1306 1078 1492 1146 quidem

85 1147 325 1195 luculentis
362 1146 416 1194 ab
455 1148 505 1194 iis
546 1147 591 1194 se
625 1146 807 1195 abstrahi
844 1145 1008 1205 sinant,
1075 1146 1169 1206 sed,
1238 1164 1491 1214 quanquam

49 1213 54 1222 '
86 1213 214 1279 saepe
251 1213 449 1280 decepti,
516 1224 666 1262 tamen
695 1216 869 1279 semper
905 1217 948 1263 {e
977 1215 1182 1262 credulos
1208 1215 1366 1263 fabulis
1397 1215 1495 1263 tali·

85 1279 174 1330 bus
202 1282 453 1348 praebeant.
548 1286 604 1330 In
632 1300 724 1348 quo
761 1284 861 1330 illos
898 1281 1226 1345 magistratuum
1266 1283 1492 1344 diligentia

90 1359 138 1395 et
174 1349 409 1414 prudentia
446 1353 615 1415 poterit
636 1388 649 1407 ,
716 1361 766 1398 vt
801 1349 966 1409 debet,
1043 1350 1273 1407 adiuuare,
1338 1349 1493 1398 fraude

91 1417 312 1464 celeriter,
337 1429 383 1464 et
416 1417 604 1466 solerter
635 1418 900 1480 indaganda,
969 1428 1015 1465 et
1049 1418 1301 1467 fabularum
1339 1417 1495 1466 austo-

89 1482 213 1531 ribus
252 1485 539 1541 amonendis‚
605 1503 664 1532 ne
703 1487 832 1533 latius
863 1486 1065 1550 spargere
1096 1503 1236 1549 nugas
1263 1487 1379 1546 suas,
1447 1495 1494 1534 et

92 1552 139 1598 in
168 1550 367 1601 fraudem
399 1553 566 1600 multos
593 1551 757 1618 poffint
782 1552 1004 1601 inducere.

228 1686 301 1734 Ad
333 1687 451 1734 hanc
486 1689 623 1736 talem
664 1686 936 1753 disciplinam
974 1687 1305 1755 praeparabitur
1339 1695 1365 1736 a
1399 1691 1496 1736 Doo‘

93 1750 291 1802 &oribus
340 1754 677 1803 Academiarum
737 1757 970 1812 iuuentuS‚
1044 1774 1156 1822 quae
1196 1757 1239 1804 se
1279 1755 1498 1804 Ecclesiae

95 1818 344 1880 destinauit,
410 1820 443 1868 fi
486 1839 582 1871 eam
621 1822 678 1870 de
704 1823 836 1871 rebus
873 1826 947 1882 iis,
1014 1842 1130 1889 quae
1166 1824 1220 1872 ad
1257 1824 1496 1890 spirituum

94 1890 327 1952 Vtriusque
365 1892 543 1949 generis
579 1902 801 1948 naturam,
867 1890 1175 1940 conditionem
1213 1902 1260 1940 et
1296 1890 1495 1941 astiones

93 1956 346 2019 pertinent,
378 1957 439 2002 ita
465 1955 695 2004 docebunt
722 1958 904 2016 sentire,
940 1969 987 2006 vt
1014 1959 1138 2006 libris
1166 1958 1291 2006 sacris
1321 1976 1498 2008 eorum·

97 2038 188 2086 que
223 2018 484 2070 austeritate
527 2023 822 2088 acquiescant,
880 2042 967 2072 nec
1017 2028 1301 2088 ingeniorum
1340 2028 1497 2076 huma·

96 2105 261 2136 norum
295 2092 473 2137 inuenta
512 2091 582 2138 vel
616 2090 784 2138 somnia
822 2093 877 2139 iis
922 2091 1188 2141 admisceant
1223 2103 1271 2140 et
1306 2110 1393 2159 pro
1421 2111 1500 2142 ne·

97 2154 281 2204 ceffariis
332 2157 557 2219 religionis
598 2158 802 2224 partibus
850 2160 1194 2219 commendent,
1263 2177 1347 2226 per
1390 2179 1501 2227 quas

97 2221 260 2274 deinde
299 2241 458 2276 omnes
501 2226 603 2273 illae
638 2224 953 2292 superstitiosae
995 2227 1171 2276 fabulae
1211 2229 1421 2293 explicari
1450 2245 1503 2279 ac

45 2292 50 2299 ⁴
98 2289 277 2349 &findi
315 2291 502 2356 poffint:
571 2296 620 2340 in
661 2311 793 2359 quam
833 2308 1008 2358 partem
1046 2296 1174 2361 saepe
1201 2297 1505 2359 procliuiores

98 2351 227 2406 fniffe
244 2361 380 2406 etiarn
408 2358 554 2407 bonos
581 2362 690 2408 alios
720 2372 767 2407 et
793 2359 950 2410 dostos
979 2365 1096 2411 viros
1126 2365 1397 2428 reperimus,
1438 2375 1504 2412 at·

26 2479 31 2482 Α
100 2442 194 2490 que
226 2428 288 2473 ita
325 2425 640 2491 superstitionis
675 2428 875 2493 plebeiae
919 2432 1223 2495 patrocinium
1263 2430 1504 2498 suscepisse,

59 2522 62 2525 -
101 2508 206 2541 eum
239 2508 405 2554 magno
441 2494 568 2560 saepe
603 2494 876 2544 detrimento
913 2498 1140 2559 religionis
1172 2514 1300 2545 verae
1341 2516 1394 2547 ac
1420 2517 1507 2564 pu·

63 2581 68 2585 ·
102 2576 188 2608 rae.
256 2566 299 2608 A
325 2577 414 2626 qua
441 2561 542 2609 labe
574 2578 734 2629 puram
760 2567 885 2611 Deus
913 2564 1059 2614 seruet
1088 2562 1342 2636 desti-inam,
1362 2567 1504 2634 publi-

758 2634 870 2681 Mm
905 2649 939 2696 5
1408 2651 1507 2684 carn
