1682 3068
182 111 279 145 222
482 111 781 143 vlumcuxn
811 114 1064 148 Anuxrnu
1099 118 1306 149 nxvnui

181 217 318 280 vulgo
339 214 447 265 illud
467 216 727 267 vocabulum
743 221 1120 286 interpretantur,
1152 226 1581 289 quamquamiinuitn

182 286 365 348 linguae
385 301 564 346 graecae
581 288 784 344 ratione,¹
800 292 1162 338 commentitiam
1183 292 1580 352 religionem‚‹·effe

184 355 332 408 aiunt,
383 368 538 417 quam,
595 352 791 403 Adamus
823 356 1031 418 ignorare
1068 375 1163 406 non
1195 361 1418 425 potuerit,
1462 362 1579 408 Deo

181 422 371 472 minime
389 418 578 484 probari.
670 424 723 471 In
740 440 836 487 quo
863 427 979 473 mihi
995 425 1205 474 videntur
1224 428 1308 475 viri
1333 425 1454 474 doffl
1467 429 1581 476 reliq

183 491 366 551 gionem
385 490 732 537 commentitiam
753 491 1026 539 confundere
1047 509 1150 540 cum
1171 492 1381 541 institutis
1409 502 1455 541 et
1471 494 1584 542 ceri·

181 554 420 605 moniis-ad
438 555 723 604 'exercendam
742 568 878 622 atque
897 562 941 606 in
962 560 1108 608 lucem
1119 560 1433 624 proferendam
1446 559 1583 609 fidem

186 634 234 672 et
260 626 472 688 pietatem
499 623 708 671 aduersus
733 629 882 673 Deum
910 629 1130 687 inuentis.;
1195 630 1244 675 in
1273 627 1432 692 quibus
1459 627 1494 676 fi
1521 620 1585 675 est

182 687 552 757 ἐθελοθςηωιείσι,
591 709 747 741 omnes
768 697 897 742 etiam
919 693 1089 742 nostrae
1107 694 1321 744 Ecclefiae
1340 698 1466 752 ritus,
1481 712 1584 743 nun

185 759 401 808 diuinitus
436 755 679 818 institutos,
744 771 795 808 vet
830 762 885 810 ad
923 760 1294 830 ἐθελοθςησκεὶαιν
1335 762 1500 811 referre
1529 770 1585 810 ω’

183 826 396 888 abrogare
415 825 583 875 necesse
601 826 886 887 habebimus3
903 849 1031 896 -quos
1050 842 1205 879 tamen¹
1218 829 1338 880 reste
1349 830 1584 879 contendi÷

182 912 285 944 mus
305 896 484 952 seruari,
521 906 567 943 et
584 897 710 945 vtiles
731 896 843 955 effe,
876 896 908 946 {i
925 901 958 947 ii
976 917 1067 948 non
1090 917 1171 964 per
1188 901 1231 948 se
1253 898 1502 964 probentur
1533 907 1584 945 et

182 962 491 1028 suscipiantur,
527 962 625 1020 sed,
665 965 787 1029 quod
815 966 1005 1015 habeant
1031 970 1186 1015 vtilem
1214 967 1586 1022 admonitionem,

183 1041 234 1078 et
251 1029 470 1099 quandam
489 1028 590 1077 fidei
609 1033 878 1097 pietatisque
891 1036 1249 1083 exercitationem
1263 1073 1274 1093 ,
1294 1046 1342 1082 vt
1360 1034 1586 1099 praeclare

175 1097 320 1147 *docet
344 1098 524 1165 August.
545 1098 726 1162 Confeffi
737 1110 830 1152 art.
840 1103 958 1151 XX.
992 1115 998 1122 “
1054 1100 1412 1171 efisae-Semne&
1441 1101 1503 1149 est
1534 1102 1584 1148 in

174 1164 396 1222 ,omnibus
414 1162 572 1212 ritibus
591 1170 805 1222 externis,
846 1168 1021 1234 fuitque
1041 1173 1172 1217 etiam
1203 1169 1482 1218 in.sacrificiis
1512 1171 1586 1215 Im

185 1232 339 1288 daicis,
387 1236 588 1298 quamuis
619 1251 644 1279 a
662 1238 761 1285 Deo
779 1233 1013 1292 institutis,
1055 1234 1087 1283 {i
1114 1237 1271 1301 perse
1297 1236 1585 1283 crederentur

184 1304 286 1350 Deo
307 1300 521 1365 placere,
545 1298 636 1348 fine
660 1300 744 1348 fide
766 1313 812 1349 et
824 1305 1017 1364 pietate,
1049 1321 1189 1368 eaque
1206 1314 1304 1351 tum
1322 1307 1468 1361 Deus,
1488 1311 1586 1350 [πε

186 1369 233 1415 se
264 1384 358 1414 non
381 1379 636 1433 praecepta,
671 1369 900 1434 repudiat,
941 1371 1021 1435 Ps,
1040 1374 1094 1426 L,
1117 1388 1176 1429 9-
1198 1388 1269 1429 14.
1306 1387 1401 1419 non
1435 1380 1588 1418 autem

186 1437 235 1484 in
254 1433 460 1483 institutis
490 1437 669 1499 piorum
697 1437 957 1495 hominum,
1002 1451 1103 1504 apte
1131 1440 1386 1500 'excogitatis
1405 1436 1459 1485 ad
1479 1452 1589 1502 prm
1654 1471 1661 1475 -

174 1502 416 1557 >ferendam
435 1503 814 1567 exercendamque
831 1507 1068 1569 pietatem:
1103 1507 1148 1552 in
1161 1505 1320 1570 quibus
1337 1503 1588 1568 inest-quae·

187 1570 291 1621 dam
313 1570 535 1635 disciplina
553 1572 800 1632 religionis,
837 1589 930 1619 non
951 1573 1037 1636 ipsa
1057 1573 1224 1634 religio.
1296 1574 1418 1619 Sane:
1428 1571 1586 1618 melius

189 1637 273 1694 est,
314 1638 428 1684 hanc
447 1654 631 1702 quoque
651 1637 916 1701 disciplinam
938 1651 1161 1686 externam
1193 1658 1219 1687 a
1236 1643 1336 1688 Deo
1365 1636 1589 1692 constitui,

187 1716 238 1753 vt
256 1706 399 1769 prima
408 1709 534 1752 Parte
545 1703 837 1752 ostendimus:
869 1706 940 1752 sed
956 1705 1165 1753 Ecclesiae
1175 1706 1436 1771 prudentiae
1453 1707 1587 1753 etiam

186 1775 237 1820 in
252 1789 302 1818 ea
319 1771 483 1836 aliquid
508 1774 612 1818 iuris
644 1783 689 1818 et
716 1771 927 1820 libertatis
957 1773 1206 1822 concessum
1233 1773 1336 1830 effe,
1371 1772 1589 1821 veriffime

189 1839 386 1894 defendit
408 1837 560 1886 eadem
587 1840 657 1886 illa
676 1841 918 1905 Augustam
941 1842 1157 1904 ConfefflO.
1258 1839 1427 1898 Quodsi
1459 1844 1588 1886 Deus

187 1925 287 1957 nou
304 1907 394 1972 ipse
413 1905 587 1954 sabbati
610 1910 898 1954 cerimoniam
922 1906 1178 1966 instituisset,
1208 1910 1282 1956 sed
1303 1908 1499 1956 Adamus
1516 1907 1589 1955 sua
1635 1908 1658 1943 Γ

190 1977 350 2041 sponte
371 1973 563 2032 eundem
585 1974 701 2021 diem
731 1976 972 2022 memoriae
1000 1978 1134 2024 creati
1159 1988 1207 2024 et
1227 1973 1416 2043 perfesti
1443 1978 1590 2026 &Deo

190 2042 369 2100 mund1‚
419 2041 625 2107 precibus
654 2053 700 2089 et
727 2043 904 2106 hymnis
934 2043 1240 2099 celebrandae,
1291 2041 1590 2099 consecraffee,

191 2128 250 2159 an
270 2113 315 2158 in
335 2127 390 2157 eo
410 2110 764 2158 commentitiam
793 2111 1081 2171 religionem,
1123 2128 1215 2158 non
1244 2113 1395 2176 potius
1416 2108 1590 2172 ,institua

192 2191 292 2226 tum
322 2179 446 2242 pium
479 2189 525 2224 et
554 2178 658 2224 vtile
685 2179 841 2242 pietati
868 2178 1044 2226 alendae
1072 2190 1118 2225 et
1163 2178 1428 2226 exercendae
1464 2173 1590 2224 fuiffe

194 2246 478 2293 diceremus?
530 2250 593 2292 At
611 2244 833 2302 sacrificia,
866 2247 1012 2303 aiunt,
1045 2247 1104 2292 nil
1125 2245 1352 2294 habentia
1371 2245 1436 2303 se,
1466 2241 1590 2308 quod

191 2317 295 2362 Deo
321 2313 503 2377 placeat.
580 2317 735 2362 Nemo
766 2311 947 2359 dubitat.
1026 2313 1151 2369 Quid
1175 2314 1396 2378 amplius?
1466 2314 1590 2371 Ergo

193 2379 455 2436 hominibus,
469 2381 554 2444 piis
573 2390 620 2427 et
639 2379 903 2444 sapientibus
933 2396 1025 2426 non
1048 2383 1202 2443 potuit
1215 2380 1269 2427 de
1286 2381 1509 2428 iis-venire
1539 2379 1589 2424 in

195 2459 411 2495 mentem.
478 2451 585 2494 Hoc
603 2448 783 2512 quidem
812 2449 997 2494 nimium
1024 2445 1095 2493 est.
1164 2451 1287 2495 Nam
1305 2448 1399 2513 pari
1412 2447 1589 2492 ratione

196 2517 352 2563 liceret
378 2515 609 2576 colligere,
678 2519 779 2564 Deo
808 2512 1114 2579 sapientissimo
1144 2514 1200 2562 de
1226 2517 1359 2563 iis-jn
1381 2522 1591 2567 mentem

196 2585 352 2637 venire
372 2599 466 2631 non
483 2580 701 2648 potuisse·
785 2585 896 2631 Sane
915 2597 1008 2630 non
1037 2585 1189 2647 potuit
1215 2579 1474 2643 hominibus
1504 2580 1591 2645 piis

1542 2655 1595 2693 ek
