<?xml version="1.0" encoding="UTF-8"?>
<!DOCTYPE html PUBLIC "-//W3C//DTD XHTML 1.0 Transitional//EN"
    "http://www.w3.org/TR/xhtml1/DTD/xhtml1-transitional.dtd">
<html xmlns="http://www.w3.org/1999/xhtml" xml:lang="en" lang="en">
 <head>
  <title>
</title>
<meta http-equiv="Content-Type" content="text/html;charset=utf-8" />
  <meta name='ocr-system' content='tesseract 3.04.00' />
  <meta name='ocr-capabilities' content='ocr_page ocr_carea ocr_par ocr_line ocrx_word'/>
</head>
<body>
  <div class='ocr_page' id='page_1' title='image "./opusculatheologi00erneuoft_0303.png"; bbox 0 0 1682 3068; ppageno 0'>
   <div class='ocr_carea' id='block_1_1' title="bbox 10 165 1508 2712">
    <p class='ocr_par' dir='ltr' id='par_1_1' title="bbox 10 165 1508 2712">
     <span class='ocr_line' id='line_1_1' title="bbox 36 165 1482 219; baseline -0.002 -12"><span class='ocrx_word' id='word_1_1' title='bbox 36 175 50 219; x_wconf 64' lang='lat' dir='ltr'><strong>j·</strong></span> <span class='ocrx_word' id='word_1_2' title='bbox 351 174 411 207; x_wconf 73' lang='grc' dir='ltr'><strong>ιιι</strong></span> <span class='ocrx_word' id='word_1_3' title='bbox 454 169 752 210; x_wconf 61' lang='lat' dir='ltr'><strong>nemmem:</strong></span> <span class='ocrx_word' id='word_1_4' title='bbox 793 170 1219 206; x_wconf 66' lang='lat' dir='ltr'><strong>consnrvmma</strong></span> <span class='ocrx_word' id='word_1_5' title='bbox 1387 165 1482 212; x_wconf 83' lang='lat'><strong>281</strong></span> 
     </span>
     <span class='ocr_line' id='line_1_2' title="bbox 10 244 1486 344; baseline -0.003 -15"><span class='ocrx_word' id='word_1_6' title='bbox 10 244 67 306; x_wconf 43' lang='lat'><strong>*²</strong></span> <span class='ocrx_word' id='word_1_7' title='bbox 86 280 218 330; x_wconf 76' lang='lat' dir='ltr'><strong>cultu</strong></span> <span class='ocrx_word' id='word_1_8' title='bbox 243 278 623 329; x_wconf 73' lang='lat' dir='ltr'>adumbrationem</span> <span class='ocrx_word' id='word_1_9' title='bbox 650 278 794 327; x_wconf 78' lang='lat' dir='ltr'><strong>futuri</strong></span> <span class='ocrx_word' id='word_1_10' title='bbox 821 277 1021 338; x_wconf 82' lang='lat' dir='ltr'><strong>Meffiae‚</strong></span> <span class='ocrx_word' id='word_1_11' title='bbox 1061 290 1109 327; x_wconf 88' lang='lat' dir='ltr'><strong>et</strong></span> <span class='ocrx_word' id='word_1_12' title='bbox 1125 293 1278 328; x_wconf 86' lang='lat' dir='ltr'><strong>rerum</strong></span> <span class='ocrx_word' id='word_1_13' title='bbox 1300 275 1356 326; x_wconf 87' lang='lat' dir='ltr'><strong>ab</strong></span> <span class='ocrx_word' id='word_1_14' title='bbox 1388 277 1486 344; x_wconf 82' lang='lat' dir='ltr'><strong>ipso</strong></span> 
     </span>
     <span class='ocr_line' id='line_1_3' title="bbox 87 345 1487 415; baseline -0.001 -20"><span class='ocrx_word' id='word_1_15' title='bbox 87 347 442 415; x_wconf 77' lang='lat' dir='ltr'><strong>peragendarum</strong></span> <span class='ocrx_word' id='word_1_16' title='bbox 462 345 604 405; x_wconf 70' lang='lat' dir='ltr'><strong>fuisse,</strong></span> <span class='ocrx_word' id='word_1_17' title='bbox 647 349 862 401; x_wconf 73' lang='lat' dir='ltr'><strong>Hebr.X{</strong></span> <span class='ocrx_word' id='word_1_18' title='bbox 892 364 929 393; x_wconf 90' lang='lat'><strong>1.</strong></span> <span class='ocrx_word' id='word_1_19' title='bbox 962 365 1094 411; x_wconf 83' lang='lat' dir='ltr'><strong>quam</strong></span> <span class='ocrx_word' id='word_1_20' title='bbox 1127 348 1282 395; x_wconf 88' lang='lat' dir='ltr'><strong>locum</strong></span> <span class='ocrx_word' id='word_1_21' title='bbox 1299 362 1396 395; x_wconf 82' lang='lat' dir='ltr'><strong>non</strong></span> <span class='ocrx_word' id='word_1_22' title='bbox 1417 346 1487 393; x_wconf 84' lang='lat' dir='ltr'><strong>ha·</strong></span> 
     </span>
     <span class='ocr_line' id='line_1_4' title="bbox 90 412 1488 482; baseline -0.002 -19"><span class='ocrx_word' id='word_1_23' title='bbox 90 414 229 463; x_wconf 78' lang='lat' dir='ltr'><strong>buiss‘e</strong></span> <span class='ocrx_word' id='word_1_24' title='bbox 247 413 346 482; x_wconf 83' lang='lat' dir='ltr'><strong>post</strong></span> <span class='ocrx_word' id='word_1_25' title='bbox 362 427 591 463; x_wconf 86' lang='lat' dir='ltr'><strong>euentum.</strong></span> <span class='ocrx_word' id='word_1_26' title='bbox 669 419 816 470; x_wconf 84' lang='lat' dir='ltr'><strong>Nam,</strong></span> <span class='ocrx_word' id='word_1_27' title='bbox 847 424 894 461; x_wconf 84' lang='lat' dir='ltr'><strong>vt</strong></span> <span class='ocrx_word' id='word_1_28' title='bbox 912 418 1139 463; x_wconf 82' lang='lat' dir='ltr'><strong>mittamus</strong></span> <span class='ocrx_word' id='word_1_29' title='bbox 1159 414 1229 471; x_wconf 91' lang='lat' dir='ltr'><strong>id,</strong></span> <span class='ocrx_word' id='word_1_30' title='bbox 1264 413 1388 478; x_wconf 87' lang='lat' dir='ltr'><strong>quod</strong></span> <span class='ocrx_word' id='word_1_31' title='bbox 1407 412 1488 460; x_wconf 82' lang='lat' dir='ltr'><strong>sta-</strong></span> 
     </span>
     <span class='ocr_line' id='line_1_5' title="bbox 89 480 1488 546; baseline -0.001 -15"><span class='ocrx_word' id='word_1_32' title='bbox 89 485 170 531; x_wconf 86' lang='lat' dir='ltr'><strong>tim</strong></span> <span class='ocrx_word' id='word_1_33' title='bbox 192 493 394 533; x_wconf 77' lang='lat' dir='ltr'><strong>occurrat</strong></span> <span class='ocrx_word' id='word_1_34' title='bbox 410 485 594 546; x_wconf 87' lang='lat' dir='ltr'><strong>cuique,</strong></span> <span class='ocrx_word' id='word_1_35' title='bbox 636 481 681 529; x_wconf 88' lang='lat' dir='ltr'><strong>id</strong></span> <span class='ocrx_word' id='word_1_36' title='bbox 699 482 847 528; x_wconf 81' lang='lat' dir='ltr'><strong>valere</strong></span> <span class='ocrx_word' id='word_1_37' title='bbox 873 482 1011 529; x_wconf 89' lang='lat' dir='ltr'><strong>modo</strong></span> <span class='ocrx_word' id='word_1_38' title='bbox 1030 483 1084 530; x_wconf 88' lang='lat' dir='ltr'><strong>ad</strong></span> <span class='ocrx_word' id='word_1_39' title='bbox 1103 481 1396 531; x_wconf 83' lang='lat' dir='ltr'><strong>neceffitatem</strong></span> <span class='ocrx_word' id='word_1_40' title='bbox 1413 480 1488 530; x_wconf 82' lang='lat' dir='ltr'><strong>ab·</strong></span> 
     </span>
     <span class='ocr_line' id='line_1_6' title="bbox 93 548 1490 614; baseline -0.003 -13"><span class='ocrx_word' id='word_1_41' title='bbox 93 550 360 604; x_wconf 77' lang='lat' dir='ltr'><strong>olendomm</strong></span> <span class='ocrx_word' id='word_1_42' title='bbox 385 566 566 607; x_wconf 88' lang='lat' dir='ltr'><strong>eorum,</strong></span> <span class='ocrx_word' id='word_1_43' title='bbox 612 551 658 596; x_wconf 89' lang='lat' dir='ltr'><strong>in</strong></span> <span class='ocrx_word' id='word_1_44' title='bbox 679 548 842 614; x_wconf 83' lang='lat' dir='ltr'><strong>quibus</strong></span> <span class='ocrx_word' id='word_1_45' title='bbox 873 548 981 596; x_wconf 75' lang='lat' dir='ltr'><strong>esset</strong></span> <span class='ocrx_word' id='word_1_46' title='bbox 1006 552 1101 597; x_wconf 84' lang='lat' dir='ltr'><strong>talis</strong></span> <span class='ocrx_word' id='word_1_47' title='bbox 1128 550 1407 598; x_wconf 80' lang='lat' dir='ltr'>adumbratio</span> <span class='ocrx_word' id='word_1_48' title='bbox 1441 557 1490 597; x_wconf 78' lang='lat' dir='ltr'><strong>et</strong></span> 
     </span>
     <span class='ocr_line' id='line_1_7' title="bbox 89 611 1492 685; baseline -0.001 -19"><span class='ocrx_word' id='word_1_49' title='bbox 89 611 471 685; x_wconf 70' lang='lat' dir='ltr'><strong>praesignificatio,</strong></span> <span class='ocrx_word' id='word_1_50' title='bbox 511 634 644 683; x_wconf 86' lang='lat' dir='ltr'><strong>quam</strong></span> <span class='ocrx_word' id='word_1_51' title='bbox 674 633 770 664; x_wconf 91' lang='lat' dir='ltr'><strong>non</strong></span> <span class='ocrx_word' id='word_1_52' title='bbox 799 617 1009 664; x_wconf 83' lang='lat' dir='ltr'><strong>omnibus</strong></span> <span class='ocrx_word' id='word_1_53' title='bbox 1042 615 1247 666; x_wconf 88' lang='lat' dir='ltr'><strong>institutis</strong></span> <span class='ocrx_word' id='word_1_54' title='bbox 1264 618 1492 674; x_wconf 79' lang='lat' dir='ltr'><strong>Leuiticis‚</strong></span> 
     </span>
     <span class='ocr_line' id='line_1_8' title="bbox 45 682 1491 750; baseline 0.001 -18"><span class='ocrx_word' id='word_1_55' title='bbox 45 698 59 732; x_wconf 86' lang='grc'><strong>·.</strong></span> <span class='ocrx_word' id='word_1_56' title='bbox 93 703 156 735; x_wconf 87' lang='lat' dir='ltr'><strong>ne</strong></span> <span class='ocrx_word' id='word_1_57' title='bbox 174 682 385 734; x_wconf 82' lang='lat' dir='ltr'><strong>sacrificiis</strong></span> <span class='ocrx_word' id='word_1_58' title='bbox 409 684 613 750; x_wconf 84' lang='lat' dir='ltr'><strong>quidem,</strong></span> <span class='ocrx_word' id='word_1_59' title='bbox 647 701 938 733; x_wconf 87' lang='lat' dir='ltr'><strong>communem</strong></span> <span class='ocrx_word' id='word_1_60' title='bbox 966 682 1090 733; x_wconf 77' lang='lat' dir='ltr'><strong>fuiss‘e</strong></span> <span class='ocrx_word' id='word_1_61' title='bbox 1120 687 1167 732; x_wconf 88' lang='lat' dir='ltr'><strong>in</strong></span> <span class='ocrx_word' id='word_1_62' title='bbox 1195 696 1384 750; x_wconf 89' lang='lat' dir='ltr'><strong>promtu</strong></span> <span class='ocrx_word' id='word_1_63' title='bbox 1413 682 1491 741; x_wconf 85' lang='lat' dir='ltr'><strong>est,</strong></span> 
     </span>
     <span class='ocr_line' id='line_1_9' title="bbox 93 751 1493 818; baseline -0.001 -17"><span class='ocrx_word' id='word_1_64' title='bbox 93 751 178 816; x_wconf 79' lang='lat' dir='ltr'><strong>(cf.</strong></span> <span class='ocrx_word' id='word_1_65' title='bbox 205 752 397 818; x_wconf 79' lang='lat' dir='ltr'><strong>nisp.11.</strong></span> <span class='ocrx_word' id='word_1_66' title='bbox 423 754 464 816; x_wconf 59' lang='grc' dir='ltr'><strong>ᾗ.</strong></span> <span class='ocrx_word' id='word_1_67' title='bbox 500 756 605 815; x_wconf 84' lang='lat'><em>38.)</em></span> <span class='ocrx_word' id='word_1_68' title='bbox 647 751 754 817; x_wconf 88' lang='lat' dir='ltr'><strong>quid</strong></span> <span class='ocrx_word' id='word_1_69' title='bbox 781 752 1073 816; x_wconf 85' lang='lat' dir='ltr'><strong>impediebat,</strong></span> <span class='ocrx_word' id='word_1_70' title='bbox 1125 770 1217 817; x_wconf 90' lang='lat' dir='ltr'><strong>quo</strong></span> <span class='ocrx_word' id='word_1_71' title='bbox 1246 756 1396 801; x_wconf 86' lang='lat' dir='ltr'><strong>minus</strong></span> <span class='ocrx_word' id='word_1_72' title='bbox 1425 753 1493 810; x_wconf 85' lang='lat' dir='ltr'><strong>iis,</strong></span> 
     </span>
     <span class='ocr_line' id='line_1_10' title="bbox 93 821 1494 886; baseline -0.001 -17"><span class='ocrx_word' id='word_1_73' title='bbox 93 836 207 886; x_wconf 77' lang='lat' dir='ltr'><strong>quae</strong></span> <span class='ocrx_word' id='word_1_74' title='bbox 235 832 425 886; x_wconf 86' lang='lat' dir='ltr'><strong>propter</strong></span> <span class='ocrx_word' id='word_1_75' title='bbox 455 823 859 868; x_wconf 82' lang='lat' dir='ltr'><strong>commutationem</strong></span> <span class='ocrx_word' id='word_1_76' title='bbox 886 837 1064 876; x_wconf 86' lang='lat' dir='ltr'><strong>rerum,</strong></span> <span class='ocrx_word' id='word_1_77' title='bbox 1111 821 1427 869; x_wconf 86' lang='lat' dir='ltr'><strong>commutanda</strong></span> <span class='ocrx_word' id='word_1_78' title='bbox 1445 830 1494 867; x_wconf 88' lang='lat' dir='ltr'><strong>et</strong></span> 
     </span>
     <span class='ocr_line' id='line_1_11' title="bbox 91 885 1493 952; baseline 0.001 -17"><span class='ocrx_word' id='word_1_79' title='bbox 91 887 184 952; x_wconf 74' lang='lat' dir='ltr'><strong>ipsa</strong></span> <span class='ocrx_word' id='word_1_80' title='bbox 206 898 352 945; x_wconf 82' lang='lat' dir='ltr'><strong>erant,</strong></span> <span class='ocrx_word' id='word_1_81' title='bbox 399 887 483 936; x_wconf 66' lang='lat' dir='ltr'><strong>alia</strong></span> <span class='ocrx_word' id='word_1_82' title='bbox 510 889 821 945; x_wconf 78' lang='lat' dir='ltr'>succederent,</span> <span class='ocrx_word' id='word_1_83' title='bbox 868 885 1205 936; x_wconf 78' lang='lat' dir='ltr'><strong>accommodata</strong></span> <span class='ocrx_word' id='word_1_84' title='bbox 1238 888 1291 935; x_wconf 88' lang='lat' dir='ltr'><strong>ad</strong></span> <span class='ocrx_word' id='word_1_85' title='bbox 1324 904 1493 936; x_wconf 86' lang='lat' dir='ltr'><strong>nouam</strong></span> 
     </span>
     <span class='ocr_line' id='line_1_12' title="bbox 90 954 1497 1022; baseline 0 -20"><span class='ocrx_word' id='word_1_86' title='bbox 90 966 349 1020; x_wconf 75' lang='lat' dir='ltr'><strong>¹temporum</strong></span> <span class='ocrx_word' id='word_1_87' title='bbox 368 958 612 1013; x_wconf 82' lang='lat' dir='ltr'><strong>rationem;</strong></span> <span class='ocrx_word' id='word_1_88' title='bbox 649 956 906 1022; x_wconf 83' lang='lat' dir='ltr'><strong>praesertim</strong></span> <span class='ocrx_word' id='word_1_89' title='bbox 933 973 1036 1004; x_wconf 88' lang='lat' dir='ltr'><strong>cum</strong></span> <span class='ocrx_word' id='word_1_90' title='bbox 1067 958 1114 1004; x_wconf 90' lang='lat' dir='ltr'><strong>in</strong></span> <span class='ocrx_word' id='word_1_91' title='bbox 1148 957 1202 1003; x_wconf 85' lang='lat' dir='ltr'><strong>iis</strong></span> <span class='ocrx_word' id='word_1_92' title='bbox 1228 954 1315 1004; x_wconf 75' lang='lat' dir='ltr'><strong>ess‘e</strong></span> <span class='ocrx_word' id='word_1_93' title='bbox 1341 955 1497 1022; x_wconf 71' lang='lat' dir='ltr'><strong>posset,</strong></span> 
     </span>
     <span class='ocr_line' id='line_1_13' title="bbox 92 1021 1495 1091; baseline -0.001 -20"><span class='ocrx_word' id='word_1_94' title='bbox 92 1034 142 1071; x_wconf 85' lang='lat' dir='ltr'><strong>vt</strong></span> <span class='ocrx_word' id='word_1_95' title='bbox 160 1021 217 1068; x_wconf 91' lang='lat' dir='ltr'><strong>de</strong></span> <span class='ocrx_word' id='word_1_96' title='bbox 235 1025 445 1071; x_wconf 84' lang='lat' dir='ltr'><strong>Leuiticis</strong></span> <span class='ocrx_word' id='word_1_97' title='bbox 464 1023 881 1079; x_wconf 84' lang='lat' dir='ltr'><strong>demonstrabimus,</strong></span> <span class='ocrx_word' id='word_1_98' title='bbox 922 1026 1037 1071; x_wconf 81' lang='lat' dir='ltr'><strong>vtilis</strong></span> <span class='ocrx_word' id='word_1_99' title='bbox 1065 1023 1287 1091; x_wconf 74' lang='lat' dir='ltr'><strong>discipflna</strong></span> <span class='ocrx_word' id='word_1_100' title='bbox 1314 1023 1418 1075; x_wconf 79' lang='lat' dir='ltr'><strong>fidei</strong></span> <span class='ocrx_word' id='word_1_101' title='bbox 1447 1034 1495 1070; x_wconf 86' lang='lat' dir='ltr'><strong>et</strong></span> 
     </span>
     <span class='ocr_line' id='line_1_14' title="bbox 95 1087 1496 1158; baseline -0.001 -19"><span class='ocrx_word' id='word_1_102' title='bbox 95 1087 263 1139; x_wconf 78' lang='lat' dir='ltr'><strong>officii?</strong></span> <span class='ocrx_word' id='word_1_103' title='bbox 331 1094 455 1138; x_wconf 87' lang='lat' dir='ltr'><strong>Nam</strong></span> <span class='ocrx_word' id='word_1_104' title='bbox 477 1093 583 1141; x_wconf 79' lang='lat' dir='ltr'><strong>iliud</strong></span> <span class='ocrx_word' id='word_1_105' title='bbox 600 1091 780 1155; x_wconf 88' lang='lat' dir='ltr'><strong>quidem</strong></span> <span class='ocrx_word' id='word_1_106' title='bbox 803 1092 887 1140; x_wconf 91' lang='lat' dir='ltr'><strong>dici</strong></span> <span class='ocrx_word' id='word_1_107' title='bbox 912 1111 1003 1140; x_wconf 89' lang='lat' dir='ltr'><strong>non</strong></span> <span class='ocrx_word' id='word_1_108' title='bbox 1025 1089 1194 1158; x_wconf 83' lang='lat' dir='ltr'><strong>potest,</strong></span> <span class='ocrx_word' id='word_1_109' title='bbox 1221 1091 1345 1156; x_wconf 87' lang='lat' dir='ltr'><strong>quod</strong></span> <span class='ocrx_word' id='word_1_110' title='bbox 1364 1093 1496 1139; x_wconf 84' lang='lat' dir='ltr'><strong>alicui</strong></span> 
     </span>
     <span class='ocr_line' id='line_1_15' title="bbox 94 1159 1497 1223; baseline 0.001 -18"><span class='ocrx_word' id='word_1_111' title='bbox 94 1160 142 1206; x_wconf 87' lang='lat' dir='ltr'><strong>in</strong></span> <span class='ocrx_word' id='word_1_112' title='bbox 162 1169 359 1206; x_wconf 79' lang='lat' dir='ltr'><strong>mentem</strong></span> <span class='ocrx_word' id='word_1_113' title='bbox 379 1163 549 1217; x_wconf 83' lang='lat' dir='ltr'><strong>veniat,</strong></span> <span class='ocrx_word' id='word_1_114' title='bbox 590 1159 741 1223; x_wconf 23' lang='lat' dir='ltr'><strong>abrilia</strong></span> <span class='ocrx_word' id='word_1_115' title='bbox 762 1162 952 1209; x_wconf 90' lang='lat' dir='ltr'><strong>Leuitici</strong></span> <span class='ocrx_word' id='word_1_116' title='bbox 973 1162 1085 1208; x_wconf 88' lang='lat' dir='ltr'><strong>ritus</strong></span> <span class='ocrx_word' id='word_1_117' title='bbox 1103 1160 1395 1220; x_wconf 77' lang='lat' dir='ltr'><strong>abrogatione</strong></span> <span class='ocrx_word' id='word_1_118' title='bbox 1414 1160 1497 1206; x_wconf 85' lang='lat' dir='ltr'><strong>ho-</strong></span> 
     </span>
     <span class='ocr_line' id='line_1_16' title="bbox 93 1225 1499 1293; baseline 0.001 -20"><span class='ocrx_word' id='word_1_119' title='bbox 93 1225 290 1273; x_wconf 81' lang='lat' dir='ltr'><strong>minibus</strong></span> <span class='ocrx_word' id='word_1_120' title='bbox 309 1228 456 1274; x_wconf 85' lang='lat' dir='ltr'><strong>minus</strong></span> <span class='ocrx_word' id='word_1_121' title='bbox 478 1245 591 1291; x_wconf 85' lang='lat' dir='ltr'><strong>opus</strong></span> <span class='ocrx_word' id='word_1_122' title='bbox 609 1227 694 1276; x_wconf 81' lang='lat' dir='ltr'><strong>effe</strong></span> <span class='ocrx_word' id='word_1_123' title='bbox 714 1227 926 1276; x_wconf 88' lang='lat' dir='ltr'><strong>institutis</strong></span> <span class='ocrx_word' id='word_1_124' title='bbox 947 1229 1093 1276; x_wconf 88' lang='lat' dir='ltr'><strong>bonae</strong></span> <span class='ocrx_word' id='word_1_125' title='bbox 1104 1228 1366 1293; x_wconf 76' lang='lat' dir='ltr'><strong>disciplinae.</strong></span> <span class='ocrx_word' id='word_1_126' title='bbox 1393 1231 1499 1275; x_wconf 88' lang='lat' dir='ltr'><strong>Nec</strong></span> 
     </span>
     <span class='ocr_line' id='line_1_17' title="bbox 96 1290 1499 1358; baseline 0.001 -18"><span class='ocrx_word' id='word_1_127' title='bbox 96 1310 148 1340; x_wconf 87' lang='lat' dir='ltr'><strong>ea</strong></span> <span class='ocrx_word' id='word_1_128' title='bbox 176 1290 372 1341; x_wconf 78' lang='lat' dir='ltr'><strong>instituta</strong></span> <span class='ocrx_word' id='word_1_129' title='bbox 398 1294 663 1358; x_wconf 84' lang='lat' dir='ltr'><strong>impeditura</strong></span> <span class='ocrx_word' id='word_1_130' title='bbox 699 1307 826 1343; x_wconf 80' lang='lat' dir='ltr'><strong>erant</strong></span> <span class='ocrx_word' id='word_1_131' title='bbox 855 1296 1087 1343; x_wconf 80' lang='lat' dir='ltr'><strong>confilium</strong></span> <span class='ocrx_word' id='word_1_132' title='bbox 1122 1295 1320 1343; x_wconf 88' lang='lat' dir='ltr'><strong>diuinum</strong></span> <span class='ocrx_word' id='word_1_133' title='bbox 1349 1297 1499 1343; x_wconf 89' lang='lat' dir='ltr'><strong>conci-</strong></span> 
     </span>
     <span class='ocr_line' id='line_1_18' title="bbox 97 1359 1499 1422; baseline 0.003 -16"><span class='ocrx_word' id='word_1_134' title='bbox 97 1359 270 1420; x_wconf 84' lang='lat' dir='ltr'><strong>liandae</strong></span> <span class='ocrx_word' id='word_1_135' title='bbox 288 1363 462 1422; x_wconf 86' lang='lat' dir='ltr'><strong>generis</strong></span> <span class='ocrx_word' id='word_1_136' title='bbox 485 1362 667 1410; x_wconf 85' lang='lat' dir='ltr'><strong>humani</strong></span> <span class='ocrx_word' id='word_1_137' title='bbox 687 1362 972 1420; x_wconf 81' lang='lat' dir='ltr'><strong>concordiae,</strong></span> <span class='ocrx_word' id='word_1_138' title='bbox 1009 1374 1055 1410; x_wconf 86' lang='lat' dir='ltr'><strong>et</strong></span> <span class='ocrx_word' id='word_1_139' title='bbox 1075 1362 1299 1411; x_wconf 86' lang='lat' dir='ltr'><strong>tollendae</strong></span> <span class='ocrx_word' id='word_1_140' title='bbox 1318 1364 1499 1410; x_wconf 85' lang='lat' dir='ltr'><strong>inimici-</strong></span> 
     </span>
     <span class='ocr_line' id='line_1_19' title="bbox 98 1428 1498 1493; baseline 0 -16"><span class='ocrx_word' id='word_1_141' title='bbox 98 1430 184 1477; x_wconf 82' lang='lat' dir='ltr'><strong>tiae</strong></span> <span class='ocrx_word' id='word_1_142' title='bbox 204 1444 256 1474; x_wconf 80' lang='lat' dir='ltr'><strong>ex</strong></span> <span class='ocrx_word' id='word_1_143' title='bbox 278 1428 437 1476; x_wconf 81' lang='lat' dir='ltr'><strong>ritibus</strong></span> <span class='ocrx_word' id='word_1_144' title='bbox 455 1431 682 1486; x_wconf 82' lang='lat' dir='ltr'><strong>Mosaicis,</strong></span> <span class='ocrx_word' id='word_1_145' title='bbox 707 1433 820 1493; x_wconf 79' lang='lat' dir='ltr'><strong>Eph.</strong></span> <span class='ocrx_word' id='word_1_146' title='bbox 841 1433 911 1484; x_wconf 84' lang='lat' dir='ltr'><strong>Il,</strong></span> <span class='ocrx_word' id='word_1_147' title='bbox 941 1446 1011 1490; x_wconf 83' lang='lat'><strong>15.</strong></span> <span class='ocrx_word' id='word_1_148' title='bbox 1051 1432 1139 1479; x_wconf 83' lang='lat' dir='ltr'><strong>Col.</strong></span> <span class='ocrx_word' id='word_1_149' title='bbox 1159 1434 1226 1488; x_wconf 86' lang='lat' dir='ltr'><strong>II,</strong></span> <span class='ocrx_word' id='word_1_150' title='bbox 1254 1446 1325 1485; x_wconf 85' lang='lat'><strong>14.</strong></span> <span class='ocrx_word' id='word_1_151' title='bbox 1373 1433 1498 1478; x_wconf 90' lang='lat' dir='ltr'><strong>Nam</strong></span> 
     </span>
     <span class='ocr_line' id='line_1_20' title="bbox 99 1496 1501 1562; baseline 0.003 -20"><span class='ocrx_word' id='word_1_152' title='bbox 99 1511 222 1545; x_wconf 81' lang='lat' dir='ltr'><strong>noua</strong></span> <span class='ocrx_word' id='word_1_153' title='bbox 241 1506 288 1542; x_wconf 85' lang='lat' dir='ltr'><strong>et</strong></span> <span class='ocrx_word' id='word_1_154' title='bbox 308 1497 517 1546; x_wconf 86' lang='lat' dir='ltr'><strong>omnibus</strong></span> <span class='ocrx_word' id='word_1_155' title='bbox 542 1500 819 1552; x_wconf 79' lang='lat' dir='ltr'><strong>communia,</strong></span> <span class='ocrx_word' id='word_1_156' title='bbox 860 1509 908 1544; x_wconf 90' lang='lat' dir='ltr'><strong>et</strong></span> <span class='ocrx_word' id='word_1_157' title='bbox 937 1511 1177 1562; x_wconf 86' lang='lat' dir='ltr'><strong>propterea</strong></span> <span class='ocrx_word' id='word_1_158' title='bbox 1208 1496 1341 1546; x_wconf 81' lang='lat' dir='ltr'><strong>libera</strong></span> <span class='ocrx_word' id='word_1_159' title='bbox 1373 1511 1501 1546; x_wconf 84' lang='lat' dir='ltr'><strong>erant</strong></span> 
     </span>
     <span class='ocr_line' id='line_1_21' title="bbox 98 1561 1499 1632; baseline 0.003 -22"><span class='ocrx_word' id='word_1_160' title='bbox 98 1561 152 1610; x_wconf 86' lang='lat' dir='ltr'><strong>ab</strong></span> <span class='ocrx_word' id='word_1_161' title='bbox 170 1565 298 1611; x_wconf 89' lang='lat' dir='ltr'><strong>omni</strong></span> <span class='ocrx_word' id='word_1_162' title='bbox 317 1565 392 1611; x_wconf 80' lang='lat' dir='ltr'><strong>tali</strong></span> <span class='ocrx_word' id='word_1_163' title='bbox 410 1564 573 1611; x_wconf 85' lang='lat' dir='ltr'><strong>inuidia</strong></span> <span class='ocrx_word' id='word_1_164' title='bbox 593 1565 756 1623; x_wconf 86' lang='lat' dir='ltr'><strong>futura,</strong></span> <span class='ocrx_word' id='word_1_165' title='bbox 774 1566 948 1631; x_wconf 87' lang='lat' dir='ltr'><strong>qualem</strong></span> <span class='ocrx_word' id='word_1_166' title='bbox 967 1566 1161 1614; x_wconf 77' lang='lat' dir='ltr'><strong>Mosaien</strong></span> <span class='ocrx_word' id='word_1_167' title='bbox 1181 1568 1316 1624; x_wconf 85' lang='lat' dir='ltr'><strong>ratio,</strong></span> <span class='ocrx_word' id='word_1_168' title='bbox 1346 1582 1499 1632; x_wconf 88' lang='lat' dir='ltr'><strong>quam-</strong></span> 
     </span>
     <span class='ocr_line' id='line_1_22' title="bbox 99 1632 932 1695; baseline 0 -17"><span class='ocrx_word' id='word_1_169' title='bbox 99 1646 232 1695; x_wconf 84' lang='lat' dir='ltr'><strong>quam</strong></span> <span class='ocrx_word' id='word_1_170' title='bbox 253 1632 380 1679; x_wconf 82' lang='lat' dir='ltr'><strong>nullo</strong></span> <span class='ocrx_word' id='word_1_171' title='bbox 401 1634 508 1681; x_wconf 85' lang='lat' dir='ltr'><strong>vitio</strong></span> <span class='ocrx_word' id='word_1_172' title='bbox 533 1632 630 1687; x_wconf 90' lang='lat' dir='ltr'><strong>suo,</strong></span> <span class='ocrx_word' id='word_1_173' title='bbox 661 1634 932 1681; x_wconf 84' lang='lat' dir='ltr'><strong>incenderat.</strong></span> 
     </span>
     <span class='ocr_line' id='line_1_23' title="bbox 192 1697 1502 1770; baseline 0.001 -23"><span class='ocrx_word' id='word_1_174' title='bbox 192 1715 270 1760; x_wconf 80' lang='lat'><strong>9²-</strong></span> <span class='ocrx_word' id='word_1_175' title='bbox 299 1705 367 1746; x_wconf 85' lang='lat' dir='ltr'><strong>Ac</strong></span> <span class='ocrx_word' id='word_1_176' title='bbox 380 1697 556 1746; x_wconf 72' lang='lat' dir='ltr'><strong>fortasse</strong></span> <span class='ocrx_word' id='word_1_177' title='bbox 577 1701 798 1764; x_wconf 81' lang='lat' dir='ltr'><strong>optimum</strong></span> <span class='ocrx_word' id='word_1_178' title='bbox 820 1702 976 1757; x_wconf 87' lang='lat' dir='ltr'><strong>suerit,</strong></span> <span class='ocrx_word' id='word_1_179' title='bbox 1019 1703 1066 1749; x_wconf 91' lang='lat' dir='ltr'><strong>in</strong></span> <span class='ocrx_word' id='word_1_180' title='bbox 1084 1702 1166 1750; x_wconf 79' lang='lat' dir='ltr'><strong>hac</strong></span> <span class='ocrx_word' id='word_1_181' title='bbox 1192 1719 1243 1749; x_wconf 90' lang='lat' dir='ltr'><strong>re</strong></span> <span class='ocrx_word' id='word_1_182' title='bbox 1270 1703 1423 1770; x_wconf 87' lang='lat' dir='ltr'><strong>potius</strong></span> <span class='ocrx_word' id='word_1_183' title='bbox 1459 1701 1502 1749; x_wconf 84' lang='lat' dir='ltr'><strong>se</strong></span> 
     </span>
     <span class='ocr_line' id='line_1_24' title="bbox 23 1764 1503 1836; baseline 0.005 -25"><span class='ocrx_word' id='word_1_184' title='bbox 23 1794 29 1795; x_wconf 32' lang='grc' dir='ltr'><em>ν</em></span> <span class='ocrx_word' id='word_1_185' title='bbox 98 1764 267 1814; x_wconf 78' lang='lat' dir='ltr'><strong>referre</strong></span> <span class='ocrx_word' id='word_1_186' title='bbox 284 1767 337 1813; x_wconf 89' lang='lat' dir='ltr'><strong>ad</strong></span> <span class='ocrx_word' id='word_1_187' title='bbox 354 1766 487 1814; x_wconf 87' lang='lat' dir='ltr'><strong>illud:</strong></span> <span class='ocrx_word' id='word_1_188' title='bbox 524 1772 617 1833; x_wconf 82' lang='lat' dir='ltr'><strong>quis</strong></span> <span class='ocrx_word' id='word_1_189' title='bbox 646 1779 816 1817; x_wconf 85' lang='lat' dir='ltr'><strong>mentem</strong></span> <span class='ocrx_word' id='word_1_190' title='bbox 843 1779 886 1817; x_wconf 85' lang='lat' dir='ltr'><strong>et</strong></span> <span class='ocrx_word' id='word_1_191' title='bbox 907 1771 1112 1834; x_wconf 78' lang='lat' dir='ltr'><strong>confilium</strong></span> <span class='ocrx_word' id='word_1_192' title='bbox 1133 1773 1222 1819; x_wconf 82' lang='lat' dir='ltr'><strong>Dei</strong></span> <span class='ocrx_word' id='word_1_193' title='bbox 1237 1771 1503 1836; x_wconf 71' lang='lat' dir='ltr'><strong>afflquitur?</strong></span> 
     </span>
     <span class='ocr_line' id='line_1_25' title="bbox 99 1835 1502 1898; baseline 0.002 -17"><span class='ocrx_word' id='word_1_194' title='bbox 99 1835 221 1882; x_wconf 74' lang='lat' dir='ltr'><strong>Rom.</strong></span> <span class='ocrx_word' id='word_1_195' title='bbox 239 1835 329 1891; x_wconf 84' lang='lat' dir='ltr'><strong>XI,</strong></span> <span class='ocrx_word' id='word_1_196' title='bbox 355 1850 427 1893; x_wconf 81' lang='lat'><strong>34.</strong></span> <span class='ocrx_word' id='word_1_197' title='bbox 470 1852 605 1898; x_wconf 83' lang='lat' dir='ltr'><strong>quam</strong></span> <span class='ocrx_word' id='word_1_198' title='bbox 636 1839 827 1885; x_wconf 86' lang='lat' dir='ltr'><strong>incertas</strong></span> <span class='ocrx_word' id='word_1_199' title='bbox 848 1835 1126 1886; x_wconf 70' lang='lat' dir='ltr'><strong>coniesturas</strong></span> <span class='ocrx_word' id='word_1_200' title='bbox 1145 1849 1333 1885; x_wconf 88' lang='lat' dir='ltr'><strong>tentare.</strong></span> <span class='ocrx_word' id='word_1_201' title='bbox 1415 1838 1502 1885; x_wconf 90' lang='lat' dir='ltr'><strong>Sed</strong></span> 
     </span>
     <span class='ocr_line' id='line_1_26' title="bbox 100 1901 1502 1970; baseline 0.004 -22"><span class='ocrx_word' id='word_1_202' title='bbox 100 1901 252 1949; x_wconf 83' lang='lat' dir='ltr'><strong>nescio</strong></span> <span class='ocrx_word' id='word_1_203' title='bbox 262 1901 496 1966; x_wconf 85' lang='lat' dir='ltr'><strong>quomodo</strong></span> <span class='ocrx_word' id='word_1_204' title='bbox 514 1906 685 1952; x_wconf 84' lang='lat' dir='ltr'><strong>animus</strong></span> <span class='ocrx_word' id='word_1_205' title='bbox 707 1904 856 1953; x_wconf 88' lang='lat' dir='ltr'><strong>noster</strong></span> <span class='ocrx_word' id='word_1_206' title='bbox 873 1905 1045 1970; x_wconf 87' lang='lat' dir='ltr'><strong>semper</strong></span> <span class='ocrx_word' id='word_1_207' title='bbox 1066 1907 1294 1953; x_wconf 83' lang='lat' dir='ltr'><strong>inclinauit</strong></span> <span class='ocrx_word' id='word_1_208' title='bbox 1313 1905 1366 1952; x_wconf 88' lang='lat' dir='ltr'><strong>ad</strong></span> <span class='ocrx_word' id='word_1_209' title='bbox 1386 1906 1502 1953; x_wconf 83' lang='lat' dir='ltr'><strong>hanc</strong></span> 
     </span>
     <span class='ocr_line' id='line_1_27' title="bbox 99 1972 1503 2033; baseline 0.004 -19"><span class='ocrx_word' id='word_1_210' title='bbox 99 1980 298 2032; x_wconf 79' lang='lat' dir='ltr'><strong>partem,</strong></span> <span class='ocrx_word' id='word_1_211' title='bbox 331 1979 381 2015; x_wconf 86' lang='lat' dir='ltr'><strong>vt</strong></span> <span class='ocrx_word' id='word_1_212' title='bbox 398 1982 656 2033; x_wconf 86' lang='lat' dir='ltr'><strong>putaremus</strong></span> <span class='ocrx_word' id='word_1_213' title='bbox 668 2008 679 2027; x_wconf 90' lang='lat'>‚</span> <span class='ocrx_word' id='word_1_214' title='bbox 713 1973 829 2020; x_wconf 87' lang='lat' dir='ltr'><strong>hanc</strong></span> <span class='ocrx_word' id='word_1_215' title='bbox 845 1976 1061 2021; x_wconf 85' lang='lat' dir='ltr'><strong>rationem</strong></span> <span class='ocrx_word' id='word_1_216' title='bbox 1082 1972 1207 2021; x_wconf 76' lang='lat' dir='ltr'><strong>fuisse</strong></span> <span class='ocrx_word' id='word_1_217' title='bbox 1224 1973 1279 2021; x_wconf 81' lang='lat' dir='ltr'><strong>ad</strong></span> <span class='ocrx_word' id='word_1_218' title='bbox 1299 1975 1372 2021; x_wconf 82' lang='lat' dir='ltr'><strong>ina</strong></span> <span class='ocrx_word' id='word_1_219' title='bbox 1389 1986 1503 2020; x_wconf 88' lang='lat' dir='ltr'><strong>tem-</strong></span> 
     </span>
     <span class='ocr_line' id='line_1_28' title="bbox 101 2035 1505 2099; baseline 0.004 -18"><span class='ocrx_word' id='word_1_220' title='bbox 101 2050 233 2099; x_wconf 88' lang='lat' dir='ltr'><strong>pora,</strong></span> <span class='ocrx_word' id='word_1_221' title='bbox 274 2045 323 2083; x_wconf 87' lang='lat' dir='ltr'><strong>et</strong></span> <span class='ocrx_word' id='word_1_222' title='bbox 339 2035 569 2096; x_wconf 68' lang='lat' dir='ltr'><strong>consilium</strong></span> <span class='ocrx_word' id='word_1_223' title='bbox 590 2038 792 2087; x_wconf 88' lang='lat' dir='ltr'><strong>diuinum</strong></span> <span class='ocrx_word' id='word_1_224' title='bbox 809 2041 1208 2089; x_wconf 71' lang='lat' dir='ltr'><strong>communicandae</strong></span> <span class='ocrx_word' id='word_1_225' title='bbox 1239 2057 1342 2089; x_wconf 86' lang='lat' dir='ltr'><strong>cum</strong></span> <span class='ocrx_word' id='word_1_226' title='bbox 1363 2043 1505 2089; x_wconf 86' lang='lat' dir='ltr'><strong>omni·</strong></span> 
     </span>
     <span class='ocr_line' id='line_1_29' title="bbox 101 2100 1507 2173; baseline 0.005 -25"><span class='ocrx_word' id='word_1_227' title='bbox 101 2100 185 2149; x_wconf 79' lang='lat' dir='ltr'><strong>bus</strong></span> <span class='ocrx_word' id='word_1_228' title='bbox 214 2101 420 2164; x_wconf 81' lang='lat' dir='ltr'><strong>gentibus</strong></span> <span class='ocrx_word' id='word_1_229' title='bbox 444 2104 591 2152; x_wconf 89' lang='lat' dir='ltr'><strong>salutis</strong></span> <span class='ocrx_word' id='word_1_230' title='bbox 626 2122 708 2171; x_wconf 87' lang='lat' dir='ltr'><strong>per</strong></span> <span class='ocrx_word' id='word_1_231' title='bbox 737 2107 957 2156; x_wconf 84' lang='lat' dir='ltr'><strong>Christum</strong></span> <span class='ocrx_word' id='word_1_232' title='bbox 990 2120 1143 2173; x_wconf 86' lang='lat' dir='ltr'><strong>partae</strong></span> <span class='ocrx_word' id='word_1_233' title='bbox 1177 2125 1230 2155; x_wconf 83' lang='lat' dir='ltr'><strong>ac</strong></span> <span class='ocrx_word' id='word_1_234' title='bbox 1253 2106 1507 2173; x_wconf 73' lang='lat' dir='ltr'><strong>propositae</strong></span> 
     </span>
     <span class='ocr_line' id='line_1_30' title="bbox 101 2168 1505 2240; baseline 0.006 -25"><span class='ocrx_word' id='word_1_235' title='bbox 101 2168 595 2220; x_wconf 62' lang='lat' dir='ltr'><strong>accommodatissimam</strong></span> <span class='ocrx_word' id='word_1_236' title='bbox 613 2209 625 2230; x_wconf 92' lang='lat'>,</span> <span class='ocrx_word' id='word_1_237' title='bbox 676 2186 811 2239; x_wconf 83' lang='lat' dir='ltr'><strong>atque</strong></span> <span class='ocrx_word' id='word_1_238' title='bbox 847 2175 962 2223; x_wconf 87' lang='lat' dir='ltr'><strong>hanc</strong></span> <span class='ocrx_word' id='word_1_239' title='bbox 993 2176 1053 2222; x_wconf 92' lang='lat' dir='ltr'><strong>ob</strong></span> <span class='ocrx_word' id='word_1_240' title='bbox 1080 2174 1267 2223; x_wconf 76' lang='lat' dir='ltr'><strong>caussam</strong></span> <span class='ocrx_word' id='word_1_241' title='bbox 1296 2177 1505 2240; x_wconf 86' lang='lat' dir='ltr'><strong>sapientia</strong></span> 
     </span>
     <span class='ocr_line' id='line_1_31' title="bbox 103 2235 1505 2308; baseline 0.006 -25"><span class='ocrx_word' id='word_1_242' title='bbox 103 2235 254 2286; x_wconf 84' lang='lat' dir='ltr'><strong>diuina</strong></span> <span class='ocrx_word' id='word_1_243' title='bbox 272 2236 571 2299; x_wconf 79' lang='lat' dir='ltr'><strong>digniffimam.</strong></span> <span class='ocrx_word' id='word_1_244' title='bbox 646 2243 699 2288; x_wconf 90' lang='lat' dir='ltr'><strong>In</strong></span> <span class='ocrx_word' id='word_1_245' title='bbox 723 2241 933 2307; x_wconf 87' lang='lat' dir='ltr'><strong>operibus</strong></span> <span class='ocrx_word' id='word_1_246' title='bbox 955 2244 1191 2308; x_wconf 86' lang='lat' dir='ltr'><strong>sapientiae</strong></span> <span class='ocrx_word' id='word_1_247' title='bbox 1214 2242 1395 2291; x_wconf 88' lang='lat' dir='ltr'><strong>diuinae</strong></span> <span class='ocrx_word' id='word_1_248' title='bbox 1415 2244 1505 2291; x_wconf 84' lang='lat' dir='ltr'><strong>hoc</strong></span> 
     </span>
     <span class='ocr_line' id='line_1_32' title="bbox 22 2303 1504 2373; baseline 0.004 -19"><span class='ocrx_word' id='word_1_249' title='bbox 22 2348 29 2354; x_wconf 91' lang='lat'>.</span> <span class='ocrx_word' id='word_1_250' title='bbox 104 2303 166 2351; x_wconf 87' lang='lat' dir='ltr'><strong>est</strong></span> <span class='ocrx_word' id='word_1_251' title='bbox 186 2321 282 2352; x_wconf 89' lang='lat' dir='ltr'><strong>non</strong></span> <span class='ocrx_word' id='word_1_252' title='bbox 311 2323 521 2370; x_wconf 89' lang='lat' dir='ltr'><strong>paruum,</strong></span> <span class='ocrx_word' id='word_1_253' title='bbox 570 2307 691 2372; x_wconf 90' lang='lat' dir='ltr'><strong>quod</strong></span> <span class='ocrx_word' id='word_1_254' title='bbox 721 2327 913 2372; x_wconf 84' lang='lat' dir='ltr'><strong>regnum</strong></span> <span class='ocrx_word' id='word_1_255' title='bbox 942 2313 1110 2371; x_wconf 83' lang='lat' dir='ltr'><strong>gratiae</strong></span> <span class='ocrx_word' id='word_1_256' title='bbox 1137 2313 1201 2358; x_wconf 89' lang='lat' dir='ltr'><strong>ita</strong></span> <span class='ocrx_word' id='word_1_257' title='bbox 1225 2328 1329 2359; x_wconf 88' lang='lat' dir='ltr'><strong>cum</strong></span> <span class='ocrx_word' id='word_1_258' title='bbox 1360 2328 1504 2373; x_wconf 84' lang='lat' dir='ltr'><strong>regno</strong></span> 
     </span>
     <span class='ocr_line' id='line_1_33' title="bbox 32 2374 1504 2444; baseline 0.006 -26"><span class='ocrx_word' id='word_1_259' title='bbox 32 2393 34 2397; x_wconf 56' lang='lat'><strong><em>¹</em></strong></span> <span class='ocrx_word' id='word_1_260' title='bbox 102 2383 289 2421; x_wconf 80' lang='lat' dir='ltr'><strong>naturae</strong></span> <span class='ocrx_word' id='word_1_261' title='bbox 306 2374 565 2437; x_wconf 75' lang='lat' dir='ltr'><strong>copulatur,</strong></span> <span class='ocrx_word' id='word_1_262' title='bbox 605 2386 654 2423; x_wconf 84' lang='lat' dir='ltr'><strong>vt</strong></span> <span class='ocrx_word' id='word_1_263' title='bbox 673 2377 861 2425; x_wconf 87' lang='lat' dir='ltr'><strong>alterum</strong></span> <span class='ocrx_word' id='word_1_264' title='bbox 881 2377 931 2424; x_wconf 82' lang='lat' dir='ltr'><strong>fit</strong></span> <span class='ocrx_word' id='word_1_265' title='bbox 947 2389 1106 2442; x_wconf 85' lang='lat' dir='ltr'><strong>aptum</strong></span> <span class='ocrx_word' id='word_1_266' title='bbox 1123 2379 1261 2426; x_wconf 87' lang='lat' dir='ltr'><strong>alteri.</strong></span> <span class='ocrx_word' id='word_1_267' title='bbox 1336 2381 1389 2426; x_wconf 89' lang='lat' dir='ltr'><strong>ln</strong></span> <span class='ocrx_word' id='word_1_268' title='bbox 1410 2397 1504 2444; x_wconf 89' lang='lat' dir='ltr'><strong>quo</strong></span> 
     </span>
     <span class='ocr_line' id='line_1_34' title="bbox 102 2440 1508 2509; baseline 0.007 -23"><span class='ocrx_word' id='word_1_269' title='bbox 102 2440 204 2487; x_wconf 81' lang='lat' dir='ltr'><strong>sunt</strong></span> <span class='ocrx_word' id='word_1_270' title='bbox 224 2443 376 2488; x_wconf 88' lang='lat' dir='ltr'><strong>omnia</strong></span> <span class='ocrx_word' id='word_1_271' title='bbox 399 2440 531 2503; x_wconf 86' lang='lat' dir='ltr'><strong>digna</strong></span> <span class='ocrx_word' id='word_1_272' title='bbox 552 2446 667 2496; x_wconf 88' lang='lat' dir='ltr'><strong>Deo,</strong></span> <span class='ocrx_word' id='word_1_273' title='bbox 697 2446 925 2508; x_wconf 69' lang='lat' dir='ltr'><strong>Vtriusque</strong></span> <span class='ocrx_word' id='word_1_274' title='bbox 945 2443 1138 2494; x_wconf 67' lang='lat' dir='ltr'><strong>auEiore.</strong></span> <span class='ocrx_word' id='word_1_275' title='bbox 1199 2450 1251 2493; x_wconf 89' lang='lat' dir='ltr'><strong>In</strong></span> <span class='ocrx_word' id='word_1_276' title='bbox 1269 2462 1411 2509; x_wconf 86' lang='lat' dir='ltr'><strong>regno</strong></span> <span class='ocrx_word' id='word_1_277' title='bbox 1431 2465 1508 2496; x_wconf 80' lang='lat' dir='ltr'><strong>na·</strong></span> 
     </span>
     <span class='ocr_line' id='line_1_35' title="bbox 102 2509 1508 2576; baseline 0.005 -21"><span class='ocrx_word' id='word_1_278' title='bbox 102 2517 230 2556; x_wconf 81' lang='lat' dir='ltr'><strong>turae</strong></span> <span class='ocrx_word' id='word_1_279' title='bbox 248 2509 377 2571; x_wconf 89' lang='lat' dir='ltr'><strong>saepe</strong></span> <span class='ocrx_word' id='word_1_280' title='bbox 403 2511 464 2556; x_wconf 86' lang='lat' dir='ltr'><strong>ita</strong></span> <span class='ocrx_word' id='word_1_281' title='bbox 490 2527 562 2556; x_wconf 86' lang='lat' dir='ltr'><strong>res</strong></span> <span class='ocrx_word' id='word_1_282' title='bbox 593 2512 812 2571; x_wconf 86' lang='lat' dir='ltr'><strong>gubernat</strong></span> <span class='ocrx_word' id='word_1_283' title='bbox 846 2513 1127 2576; x_wconf 87' lang='lat' dir='ltr'><strong>prouidentia</strong></span> <span class='ocrx_word' id='word_1_284' title='bbox 1146 2512 1314 2572; x_wconf 83' lang='lat' dir='ltr'><strong>diuina,</strong></span> <span class='ocrx_word' id='word_1_285' title='bbox 1352 2527 1401 2563; x_wconf 81' lang='lat' dir='ltr'><strong>vt</strong></span> <span class='ocrx_word' id='word_1_286' title='bbox 1434 2513 1508 2565; x_wconf 83' lang='lat' dir='ltr'><strong>ad-</strong></span> 
     </span>
     <span class='ocr_line' id='line_1_36' title="bbox 102 2575 1508 2647; baseline 0.004 -24"><span class='ocrx_word' id='word_1_287' title='bbox 102 2575 190 2623; x_wconf 77' lang='lat' dir='ltr'><strong>itus</strong></span> <span class='ocrx_word' id='word_1_288' title='bbox 223 2587 271 2624; x_wconf 91' lang='lat' dir='ltr'><strong>et</strong></span> <span class='ocrx_word' id='word_1_289' title='bbox 289 2579 556 2642; x_wconf 85' lang='lat' dir='ltr'><strong>propagatio</strong></span> <span class='ocrx_word' id='word_1_290' title='bbox 575 2581 704 2638; x_wconf 81' lang='lat' dir='ltr'><strong>regni</strong></span> <span class='ocrx_word' id='word_1_291' title='bbox 724 2580 907 2627; x_wconf 86' lang='lat' dir='ltr'><strong>alterius</strong></span> <span class='ocrx_word' id='word_1_292' title='bbox 925 2578 999 2627; x_wconf 86' lang='lat' dir='ltr'><strong>fiat</strong></span> <span class='ocrx_word' id='word_1_293' title='bbox 1025 2580 1215 2638; x_wconf 84' lang='lat' dir='ltr'><strong>facilior,</strong></span> <span class='ocrx_word' id='word_1_294' title='bbox 1254 2583 1508 2647; x_wconf 85' lang='lat' dir='ltr'><strong>seruiatque</strong></span> 
     </span>
     <span class='ocr_line' id='line_1_37' title="bbox 107 2645 1506 2712; baseline 0.004 -21"><span class='ocrx_word' id='word_1_295' title='bbox 107 2656 262 2692; x_wconf 72' lang='lat' dir='ltr'><strong>natura</strong></span> <span class='ocrx_word' id='word_1_296' title='bbox 281 2646 456 2707; x_wconf 84' lang='lat' dir='ltr'><strong>gratiae.</strong></span> <span class='ocrx_word' id='word_1_297' title='bbox 529 2648 582 2693; x_wconf 88' lang='lat' dir='ltr'><strong>ln</strong></span> <span class='ocrx_word' id='word_1_298' title='bbox 610 2663 754 2710; x_wconf 87' lang='lat' dir='ltr'><strong>regno</strong></span> <span class='ocrx_word' id='word_1_299' title='bbox 775 2645 952 2696; x_wconf 82' lang='lat' dir='ltr'><strong>viciffim</strong></span> <span class='ocrx_word' id='word_1_300' title='bbox 972 2651 1137 2712; x_wconf 83' lang='lat' dir='ltr'><strong>gratiae</strong></span> <span class='ocrx_word' id='word_1_301' title='bbox 1165 2651 1225 2703; x_wconf 79' lang='lat' dir='ltr'><strong>ita</strong></span> <span class='ocrx_word' id='word_1_302' title='bbox 1240 2653 1363 2699; x_wconf 87' lang='lat' dir='ltr'><strong>Deus</strong></span> <span class='ocrx_word' id='word_1_303' title='bbox 1395 2661 1506 2697; x_wconf 85' lang='lat' dir='ltr'><strong>tem-</strong></span> 
     </span>
    </p>
   </div>
   <div class='ocr_carea' id='block_1_2' title="bbox 800 2719 1507 2787">
    <p class='ocr_par' dir='ltr' id='par_1_2' title="bbox 800 2719 1507 2787">
     <span class='ocr_line' id='line_1_38' title="bbox 800 2719 1507 2787; baseline 0.008 -21"><span class='ocrx_word' id='word_1_304' title='bbox 800 2719 829 2766; x_wconf 92' lang='lat' dir='ltr'><strong>S</strong></span> <span class='ocrx_word' id='word_1_305' title='bbox 866 2732 890 2776; x_wconf 83' lang='lat'>5</span> <span class='ocrx_word' id='word_1_306' title='bbox 1376 2729 1507 2787; x_wconf 78' lang='lat' dir='ltr'><strong>perat</strong></span> 
     </span>
    </p>
   </div>
  </div>
 </body>
</html>
