1650 3060
388 160 392 161 ν
434 151 500 181 ωε
532 143 981 181 vom-Karmina&
1013 149 1086 180 E't
1121 147 1275 180 aaran.
1453 140 1558 196 597

308 209 331 237 ηέ

147 250 437 326 quaererent,
468 273 627 322 parum
649 255 858 313 definitus
876 265 989 313 erat,
1017 264 1066 302 et
1085 252 1337 317 reperiendi
1365 253 1551 302 facultas

147 329 220 377 vix
245 323 587 390 relinquebatur.
649 327 694 371 Si
723 330 767 370 in
797 322 987 376 stabulo,
1021 319 1180 369 nostris
1207 320 1358 378 simili,
1400 319 1551 370 cinglo

143 393 388 460 parietibus
407 406 453 440 et
470 391 609 446 tegio,
639 402 775 454 atque
805 391 918 439 adeo
946 390 1243 443 tenebricoso,
1278 400 1356 436 aut
1376 390 1551 453 spelun-

121 478 197 509 οι
216 460 493 525 quaerendus
516 469 612 507 erat
628 460 792 515 infans,
825 457 940 506 vnde
968 460 1144 506 initium
1163 457 1404 521 quaerendi
1431 457 1549 504 face-

141 542 255 586 rent,
287 528 469 593 quando
488 525 589 575 finis
609 527 850 590 quaerendi
867 527 1046 574 futurus
1063 537 1170 572 erat.
1241 523 1409 581 Quodsi
1436 542 1546 572 vero

141 613 223 652 eo,
257 613 354 660 quo
386 595 575 643 diximus
611 594 750 642 modo
787 612 858 641 res
889 591 1182 655 intelligenda
1208 590 1291 650 est,
1330 590 1543 658 pastores,

104 656 114 662 ’
139 666 231 719 vias
252 663 414 728 ,oppidi
442 674 778 727 percurrentes,
810 662 939 709 facile
963 679 1046 726 per
1073 661 1194 725 septa
1222 660 1482 711 cohortium
1514 678 1543 707 e

139 730 334 786 cratibus
353 730 502 777 videre
527 729 699 788 licebat,
733 729 806 778 vbi
830 728 883 776 ad
914 729 1136 794 praesepia
1163 726 1303 775 ess'ent
1330 729 1540 777 homines

135 798 301 863 aliquid
319 810 515 858 agente5‚
548 810 678 862 atque
699 800 758 845 ita
786 797 958 858 ingredi
982 799 1029 843 in
1058 796 1213 850 aulam,
1243 793 1537 860 percunstari·
1578 842 1581 845 ,

135 883 234 931 que,
256 869 433 930 quinam
453 863 606 919 essent,
639 878 686 912 et
703 865 810 931 quid
827 876 1023 928 agerent,
1050 863 1320 926 cognoscere
1339 880 1390 914 ac
1407 880 1534 930 repe-

133 935 232 990 fire,
264 933 387 998 quod
408 944 685 997 quaererent.

227 1006 301 1049 An
331 1019 459 1058 vero,
493 1001 609 1048 dicat
634 1002 808 1066 aliquis,
846 998 1051 1048 credibile
1079 998 1164 1055 est,
1203 1010 1408 1065 parentes
1439 999 1536 1048 Iesu

130 1069 257 1116 ausos
286 1067 384 1125 effe,
422 1068 636 1118 infantem
666 1073 736 1115 vix
768 1081 938 1123 natum,
978 1086 1030 1115 ac
1058 1071 1348 1117 tenerrimum
1370 1066 1533 1125 adhuc,

128 1139 178 1194 in
207 1136 310 1187 loco
341 1155 564 1201 reponere
593 1148 773 1201 patente
803 1150 850 1183 et
880 1135 1109 1191 subdiuali,
1148 1134 1221 1182 vbi
1245 1138 1353 1192 a'eri,
1392 1133 1530 1184 nostu

102 1226 107 1229 ·
130 1203 296 1266 diuque
312 1203 534 1268 expolitus
555 1203 682 1259 esset,
719 1216 764 1251 et
782 1206 875 1251 eius
897 1205 1091 1259 iniuriis,
1120 1204 1288 1264 frigore
1304 1214 1352 1250 et
1373 1204 1530 1267 pluuia

126 1271 256 1319 facile
276 1272 427 1318 violari
449 1271 624 1337 posset?
658 1271 743 1332 Sed
771 1272 884 1319 nihil
912 1273 1000 1318 tale
1030 1283 1122 1318 erat
1148 1274 1194 1317 in
1221 1289 1271 1318 ea
1299 1289 1349 1318 re
1367 1273 1532 1320 timen-

127 1338 267 1387 dum.-
315 1346 440 1387 Nam
476 1340 619 1387 infans
659 1351 753 1388 erat
791 1340 997 1387 aduersus
1038 1341 1148 1386 haec
1184 1338 1298 1386 bene
1330 1340 1529 1388 munitus

123 1409 296 1470 Fannia,
330 1407 489 1469 quibus
518 1407 750 1454 inuolutus
780 1425 805 1454 a
824 1420 964 1455 matre
993 1420 1108 1462 erat,
1144 1417 1338 1454 necerat
1356 1418 1529 1471 tempe-

124 1471 208 1521 stas
227 1473 410 1534 frigida;
439 1477 609 1539 quippe
628 1486 674 1521 et
693 1493 803 1522 oues
824 1487 870 1523 et
888 1473 1081 1540 pastores
1110 1492 1265 1521 earum
1285 1472 1424 1523 noan
1444 1475 1526 1525 sub

125 1539 199 1587 dio
229 1547 439 1604 poterant
464 1558 608 1602 agere.
677 1549 828 1607 Atque
854 1546 985 1590 etiam
1012 1540 1128 1590 testa
1147 1541 1230 1589 effe
1249 1542 1379 1607 super
1396 1538 1526 1608 prael

122 1608 298 1672 sepibus
328 1608 538 1666 solebant,
578 1609 630 1656 ad
658 1610 857 1675 pluuiam
885 1609 1119 1658 arcendam
1148 1629 1173 1658 a
1201 1622 1379 1675 pecore,
1411 1613 1525 1659 eius-

121 1692 213 1739 que
240 1679 418 1736 generis
445 1679 653 1740 praesepe
676 1681 830 1743 potuit
853 1676 1072 1725 deleRurn
1101 1677 1186 1725 effe
1208 1697 1233 1726 a
1251 1678 1444 1743 Iosepho
1471 1688 1523 1728 et

117 1755 265 1792 matre
293 1746 492 1807 prouida.
560 1747 672 1800 Quis
702 1762 810 1793 vero
839 1745 1025 1803 dubitet,
1058 1747 1182 1793 illum
1213 1747 1365 1794 locum
1396 1747 1521 1795 aulae

116 1809 256 1872 longe
292 1811 575 1860 salubriorem
604 1811 727 1860 fuisse
760 1813 941 1869 infanti,
984 1831 1120 1878 quam
1148 1815 1427 1879 speluncam,
1472 1815 1522 1864 in

117 1893 208 1941 qua
235 1878 426 1938 vulgaris
453 1881 609 1941 opinio
635 1897 742 1927 eum
769 1883 962 1946 reponit,
992 1881 1314 1930 tenebricosam
1342 1895 1388 1930 et
1417 1879 1519 1929 ster·

119 1946 238 1992 coris
255 1944 426 1993 foetore
454 1947 648 2010 plenam.

218 2014 431 2077 Denique
461 2014 592 2060 etiam
622 2029 718 2061 non
747 2012 1002 2062 diuturnam
1032 2015 1157 2063 fuisse
1186 2018 1307 2064 illam
1337 2016 1521 2065 infantis

115 2080 165 2126 in
190 2080 388 2145 praesepi
411 2082 833 2139 commorationem,
865 2082 1095 2147 probabile
1124 2082 1197 2131 est.
1265 2089 1386 2132 Nam
1416 2101 1521 2132 cen-

114 2146 184 2194 sus
212 2147 287 2194 ille
311 2149 358 2194 in
390 2146 560 2214 oppido
590 2159 682 2201 tam
708 2165 870 2214 paruo,
902 2149 973 2197 vbi
995 2150 1167 2216 praesto
1190 2150 1329 2200 essent
1357 2169 1519 2200 omnes

113 2226 164 2262 et
180 2216 319 2279 parati
347 2215 405 2263 ad
427 2217 663 2265 nominum
692 2215 1005 2281 professionem
1033 2230 1132 2266 tum
1152 2219 1383 2276 edendam,
1417 2230 1518 2268 tum

112 2281 438 2347 accipiendam,
479 2281 716 2331 diuturnus
743 2281 830 2331 effe
868 2301 962 2332 non
1000 2288 1182 2351 potuit:
1224 2305 1318 2352 quo
1347 2285 1517 2345 exasto,

113 2365 218 2396 cum
237 2367 331 2397 non
351 2347 667 2398 cunssarentur
683 2351 880 2398 aduenae
900 2351 1090 2401 domum
1110 2351 1406 2412 abireslocus
1426 2357 1517 2404 iam

110 2417 304 2480 amplior
320 2417 407 2465 fuit
425 2417 684 2481 parentibus
702 2418 882 2466 infantis
901 2421 948 2467 in
969 2420 1160 2485 hospitio
1179 2422 1256 2470 suo
1269 2459 1281 2479 ,
1320 2434 1370 2470 vt
1391 2439 1514 2471 com-

54 2496 61 2502 '
108 2483 247 2532 mode
263 2501 368 2532 eum
385 2485 534 2533 secum
564 2487 611 2531 in
633 2485 813 2534 aedibus
839 2486 1008 2534 habere
1027 2500 1074 2536 et
1091 2505 1243 2536 curam
1263 2491 1359 2538 eius
1379 2507 1510 2552 agere

107 2568 137 2610 e
161 2553 419 2616 propinquo
447 2551 639 2617 possent,
673 2553 843 2611 donec,
875 2554 1026 2603 exasto
1059 2558 1258 2617 legitimo
1288 2568 1512 2623 tempore,

107 2619 420 2684 Hierosolyma
449 2620 674 2685 deportari
699 2633 745 2668 et
772 2623 819 2668 in
845 2624 1016 2687 templo
1042 2624 1157 2673 sacra
1188 2626 1383 2688 legitima
1413 2626 1513 2673 fieri

106 2685 297 2752 possent.
859 2693 893 2737 P
910 2707 942 2756 p
974 2707 1001 2752 3
1421 2696 1514 2741 lam

234 2820 267 2853 Ὦ
