1682 3068
131 273 1390 305 -ssm

719 462 802 504 DE

513 555 1001 603 THEOLOGIAE

256 671 259 677 ⁴
281 660 657 709 HISTORICAE
690 661 775 713 ET
808 657 1235 709 DOGMATICAE

453 763 544 804 CO
568 760 696 802 NIV
721 760 1079 802 NGENDAE

1 825 813 944 JJNE'CESSITATE
908 849 1034 909 ET
1153 847 1459 909 Mono

60 969 95 977 ”
456 963 1022 1021 νν’ΝΙῚῙΕῙζΒΟ

0 1290 9 1304 '
59 1277 306 1404 Solatia,
339 1308 471 1357 quam
491 1289 765 1359 profitentur
785 1292 828 1349 ii,
863 1291 941 1358 qui
961 1291 1194 1354 Theologi
1222 1286 1459 1337 dicihabe-
1503 1325 1506 1328 .

170 1364 296 1424 rique
326 1362 495 1415 volunt,
530 1361 697 1408 duabus
727 1361 861 1408 rebus
890 1358 1080 1408 constat:
1115 1376 1300 1423 quarum
1321 1358 1456 1404 altera

49 1424 119 1473 est
139 1429 183 1474 in
202 1432 395 1482 materia,
429 1444 559 1494 quam
580 1430 630 1476 iis
651 1430 805 1476 literae
825 1428 964 1477 sacrae
987 1440 1035 1474 et
1055 1425 1273 1474 Ecclesiae
1294 1441 1456 1472 monu-

53 1506 206 1543 menta
231 1494 442 1560 praebent
468 1493 736 1543 tmstandam
766 1498 959 1558 ingenio,
994 1507 1041 1542 et
1062 1491 1369 1541 elaborandam
1389 1509 1457 1539 at·-

13 1560 18 1564 ’
53 1558 171 1610 te'ac
189 1563 326 1610 veluti
347 1561 627 1625 fingendam:
661 1565 794 1611 altera
821 1574 967 1611 autem
999 1566 1195 1609 cernitur
1212 1563 1260 1608 in
1279 1561 1455 1608 ratione

53 1645 205 1678 earum
226 1646 392 1686 rerum,
425 1647 537 1694 quae
554 1633 735 1688 ingenio
757 1630 1056 1696 suppeditatae
1074 1628 1171 1686 fint,
1207 1626 1455 1676 traRanda·

18 1699 22 1702 ’
51 1714 166 1746 rum.
210 1699 362 1763 Itaque
383 1713 466 1744 nec
484 1701 560 1762 qui
580 1695 742 1746 bonam
765 1701 993 1747 materiam
1017 1716 1042 1744 e
1061 1697 1146 1745 suis
1169 1698 1280 1745 locis
1302 1701 1464 1761 quami

47 1769 118 1813 vis
157 1765 394 1828 diligenter
420 1765 674 1819 congestam
709 1776 859 1826 tenet,
902 1764 1141 1830 perfeRarn
1169 1764 1453 1825 Theologiae

44 1831 282 1880 seientiam
303 1833 448 1888 habet,
484 1832 563 1880 nisi
583 1837 766 1882 rationis
791 1843 837 1882 et
856 1838 959 1881 artis
983 1834 1193 1880 subtilitas
1214 1830 1452 1890 accefferit,

50 1913 138 1947 nec
153 1901 242 1965 qui,
276 1903 321 1946 in
338 1917 487 1947 rerum
506 1899 825 1949 traEIandat-um
846 1900 1095 1955 subtilitate,
1132 1900 1250 1948 bona
1270 1903 1452 1947 materia

50 1977 183 2014 earet.
252 1971 438 2013 Vt‘non
465 1966 604 2013 statim
626 1967 830 2030 Phylicus
859 1966 931 2023 est,
962 1970 1052 2033 qui,
1087 1966 1299 2032 quicquid
1318 1968 1361 2012 in
1383 1985 1451 2014 re-

51 2048 152 2081 rum
173 2043 326 2079 natura
348 2036 417 2082 vel
437 2032 508 2091 est,
539 2033 610 2082 vel
629 2035 799 2091 accidit,
818 2035 985 2082 curiosa
1004 2033 1194 2082 lefflone
1215 2035 1284 2080 vel
1306 2033 1451 2081 obser-

48 2101 228 2149 vatione
247 2098 398 2148 didicit
418 2118 468 2149 ac
485 2111 623 2157 tenet,
657 2118 740 2148 nec
762 2101 907 2150 bonus
928 2102 1135 2166 Phyficus
1157 2100 1299 2167 potest
1321 2101 1449 2149 habe·

0 2180 2 2214 l
39 2169 101 2225 ri,
135 2171 214 2232 qui
240 2170 284 2214 in
313 2185 462 2217 rerum
493 2174 653 2216 natura⁴
676 2167 915 2235 caussisque
941 2168 1162 2219 subtiliter
1188 2169 1448 2231 indagandis

0 2223 2 2258 ³
45 2245 94 2283 et
111 2237 377 2300 explicandis
397 2248 578 2284 acutum
598 2236 641 2283 se
660 2237 851 2302 praebet,
889 2237 979 2303 {ine
1001 2247 1178 2284 naturae
1198 2255 1298 2285 vera
1320 2235 1448 2284 histo·

46 2305 131 2350 ria:
168 2319 268 2350 nam
290 2305 333 2350 in
356 2304 435 2351 illo
453 2315 631 2352 tantum
653 2303 828 2352 historia
851 2316 1031 2353 naturae
1050 2303 1122 2362 est,
1143 2321 1236 2352 non
1258 2305 1446 2361 scientia,

46 2371 94 2416 in
115 2370 204 2416 hoc
225 2368 443 2418 fabulosae
461 2384 506 2419 et
525 2376 865 2420 commentitiae
886 2376 1047 2438 potius,
1069 2390 1201 2438 quam
1225 2388 1355 2419 verae
1374 2389 1446 2419 na-

43 2435 173 2487 turae
199 2439 525 2503 interpretatio:
582 2438 640 2487 fic
679 2457 762 2487 nec
788 2441 1058 2501 Theologus
1098 2439 1322 2506 perfestus
1358 2437 1444 2487 effe

34 2503 211 2568 potest,
239 2508 319 2568 qui
346 2505 559 2570 quicquid
587 2506 648 2554 est
673 2510 717 2554 in
740 2507 877 2555 literis
909 2508 1035 2554 sacris
1063 2520 1109 2555 et
1134 2510 1443 2556 monumentis

40 2568 276 2628 ‘Ecclesiae
310 2586 574 2640 perceptum
604 2576 801 2636 ingenio,
821 2586 866 2623 et
885 2576 1256 2640 comprehensum
1276 2592 1444 2623 memo-

45 2637 107 2685 ria
120 2649 266 2687 tenet:
298 2658 384 2688 nec
402 2640 547 2689 bonus
567 2643 850 2705 Theologus,
880 2646 960 2710 qui
993 2646 1039 2690 in
1058 2644 1191 2692 rebus
1213 2643 1374 2693 diuinis
1393 2643 1444 2689 li·

115 2707 281 2771 Ernesti
304 2710 453 2774 Opust.
471 2710 605 2759 vuol.
929 2709 1007 2758 Kk
1332 2712 1441 2758 teris
