1682 3068
218 163 319 220 186
522 178 809 211 vmnxenm
853 176 1111 213 annu-nn
1148 182 1321 214 mvnu

1650 0 1682 134 f*

1680 206 1682 240 l

1680 246 1682 265 ι

215 284 462 335 astionibus
483 286 690 352 copulata
709 287 1082 350 intelligerentur:
1133 287 1317 346 deinde,
1357 306 1407 336 ea
1433 292 1618 338 maxime
1680 300 1682 352 l

217 353 303 403 effe
321 353 561 410 eiusmodi,
609 372 721 420 quae
749 353 846 420 post
875 356 990 402 hanc
1010 360 1146 404 vitam
1178 357 1350 422 sperare
1377 358 1619 405 iubeamur.
1680 367 1682 424 ξ

213 425 264 470 In
286 424 426 491 priori
446 439 611 483 genere
621 424 731 470 duae
750 425 847 470 sunt
865 424 1055 470 formae:
1075 442 1263 489 quarum
1284 425 1410 472 alteri
1430 423 1617 473 subieEia
1681 428 1682 474 j

212 492 318 539 sunt
346 490 463 537 bona
486 508 555 544 ea,
593 507 703 555 quae
721 494 908 556 quisque
926 491 1108 539 humani
1137 494 1316 554 generis
1345 492 1480 540 status
1511 509 1615 558 pro-

212 560 309 624 prIa
328 558 481 613 habet3
522 559 644 606 alteri
673 569 819 607 autem
843 562 1096 606 eommunia
1119 563 1304 624 vtrique.
1384 565 1445 607 Vt
1466 560 1520 608 ab
1548 561 1615 607 his

212 628 498 691 incipiamus,
563 644 747 691 quoquo
789 639 932 673 vertas
972 629 1128 674 oculos
1167 639 1246 674 aut
1276 629 1614 687 cogitationem,

211 711 349 759 quam
369 696 560 760 plurima
573 705 813 742 occurrunt
831 706 877 741 et
897 698 1103 741 maxima:
1126 694 1202 742 nisi
1213 695 1445 759 quishanc
1463 698 1613 743 animo

211 761 438 810 imbiberit
457 764 736 826 opinionem,
776 774 824 808 vt
845 766 1012 819 omnia,
1056 780 1168 827 quae
1187 764 1310 816 sunt,
1355 775 1614 827 coeca'qua·

213 830 316 878 dam
336 831 411 878 fati
435 828 684 877 necestitate
706 822 887 877 extitisse
907 833 1142 892 opinetur:
1188 830 1309 896 quod
1336 847 1427 877 non
1460 831 1613 892 magis,

212 902 317 964 quia
335 897 424 945 sine
444 900 616 944 ratione
637 895 720 953 est,
761 896 943 944 brutum
965 898 1175 962 appellari
1196 901 1434 954 conuenit,
1464 914 1615 962 quam,

210 968 314 1029 quia
335 966 474 1012 brutis
496 968 670 1030 potine,
719 982 851 1028 quam
873 964 1153 1022 hominibus,
1196 967 1367 1012 ratione
1387 965 1611 1028 praeditis,

210 1034 396 1094 dignum
418 1030 491 1078 est.
572 1031 654 1080 Sed
675 1048 775 1079 cum
796 1034 885 1078 hoc
904 1033 1138 1079 hominum
1157 1049 1321 1093 genere
1342 1033 1461 1079 nulla
1481 1031 1612 1079 nobis

209 1094 273 1148 est
285 1100 514 1165 disputatio
525 1121 538 1154 3
570 1102 738 1164 quippe
760 1099 882 1163 quod
892 1103 1037 1147 Deum
1052 1101 1403 1165 religionemque
1415 1115 1613 1154 omnem,

206 1169 239 1218 fi
271 1186 364 1216 non
394 1168 562 1221 verbis,
604 1180 649 1214 at
675 1185 723 1214 re
753 1170 942 1215 omnino
966 1169 1097 1215 tollit.
1200 1173 1276 1215 Ne
1301 1179 1447 1214 autem
1481 1168 1610 1214 nimis

201 1239 297 1287 *late
318 1247 501 1298 vagetur
511 1234 760 1300 disputatio,
784 1247 1043 1283 coerceatur
1062 1235 1261 1283 sensuum
1284 1250 1610 1296 corporeorum

206 1305 397 1354 finibus:
439 1305 515 1367 qui
535 1314 683 1349 tamen
704 1315 749 1349 et
765 1302 840 1366 ipsi
857 1320 951 1350 non
972 1307 1031 1351 ita
1050 1305 1150 1352 sunt
1167 1301 1352 1365 anguste
1378 1300 1532 1365 positi,
1562 1312 1611 1348 vt

206 1390 302 1421 non
325 1372 421 1419 satis
441 1371 613 1434 amplus
631 1373 673 1417 ei
694 1388 875 1435 campus
898 1382 1061 1431 pateat,
1080 1373 1130 1416 in*
1149 1387 1285 1435 quem
1308 1369 1440 1434 possit
1459 1386 1612 1416 excur-

205 1458 320 1489 rere.
418 1441 613 1486 Primum
643 1441 798 1500 igitur,
847 1455 949 1485 cnm
978 1438 1030 1485 ad
1067 1439 1272 1486 alendum
1311 1438 1403 1485 hoc
1444 1454 1610 1502 corpus

205 1506 409 1558 nostrum
426 1508 650 1572 vitamque
669 1505 993 1554 sustentandam
1014 1505 1270 1554 necessarius
1289 1503 1395 1552 esset
1406 1502 1544 1552 vitius
1561 1519 1611 1551 ac

205 1588 368 1644 potus,
411 1585 592 1622 naturae
611 1577 812 1638 corporis
833 1587 983 1638 aptus;
1050 1585 1201 1621 tamen
1223 1589 1371 1635 neque
1389 1571 1460 1618 illa
1488 1580 1608 1619 tanta

205 1646 418 1697 suauitas,
448 1660 560 1707 quae
580 1653 694 1707 potu
715 1641 929 1702 ciboque,
972 1642 1103 1687 etiam
1125 1641 1344 1695 tenuiori,
1393 1638 1607 1686 sumendo

204 1713 467 1778 percipitur,
491 1726 635 1772 neque
648 1707 837 1770 exquisiti
858 1718 903 1753 et
922 1707 1149 1754 suauiffimi
1166 1706 1249 1754 cibi
1270 1708 1398 1771 eopia
1415 1716 1462 1752 et
1471 1709 1605 1753 varie·

205 1792 274 1828 tas
294 1774 523 1824 necessaria
543 1776 640 1823 fuit.
683 1779 829 1822 Tanta
848 1777 999 1822 innata
1019 1772 1080 1820 est
1100 1774 1356 1822 hominibus
1376 1777 1493 1821 vitae
1511 1772 1607 1821 dul-

205 1846 343 1901 cedo,
411 1855 457 1892 vt
485 1845 691 1892 alimenta
722 1843 962 1896 sumerent,
1030 1842 1195 1890 etiamfi
1230 1837 1318 1889 sola
1350 1839 1603 1890 necestitate

206 1923 502 1975 cogerentur,
538 1912 657 1959 nulla
674 1909 884 1957 suauitate
907 1910 1208 1957 allicerentur:
1257 1911 1422 1973 quippe
1450 1905 1604 1969 aegro-

204 1992 352 2030 tantes
373 1979 584 2033 videmus,
605 1989 795 2044 propter
815 1979 927 2024 vitae
947 1977 1232 2041 cupiditatem
1250 1994 1299 2024 ac
1315 1976 1450 2041 spem,
1469 1975 1603 2023 medi-

204 2059 412 2098 camenta
428 2047 664 2103 deuorare,
708 2063 802 2093 non
824 2044 960 2092 modo
988 2045 1107 2092 nulla
1137 2045 1348 2092 suauitate
1367 2060 1603 2091 commen·

205 2118 329 2172 data,
370 2115 442 2163 sed
465 2118 601 2163 etiam
621 2113 909 2161 amaritudine
931 2112 1077 2160 inuisa.
1161 2116 1306 2169 Tum,
1346 2122 1392 2159 vt
1412 2113 1604 2159 animali·

204 2186 290 2236 bus
310 2186 451 2232 brutis
470 2199 582 2248 aqua
610 2193 655 2228 et
674 2198 839 2246 paucae
863 2180 1157 2245 definitaeque
1177 2178 1356 2234 herbae,
1397 2177 1603 2225 aut-radi-

205 2269 280 2301 ces
299 2270 349 2300 ac
371 2250 531 2299 semina
551 2246 795 2297 sufficiunt:
838 2247 894 2294 sic
915 2245 1060 2294 nostra
1080 2263 1261 2312 quoque
1288 2256 1443 2293 natura
1462 2262 1600 2310 aquae
1665 2261 1667 2267 ¹

202 2323 423 2388 panisque
443 2317 721 2383 simplicitate
753 2334 802 2363 ac
831 2317 1052 2362 tenuitate
1081 2323 1298 2362 contenta
1315 2311 1398 2359 ess'e
1424 2323 1471 2359 et
1500 2323 1601 2377 pot-

205 2398 321 2442 erat,
365 2399 411 2435 et
431 2387 578 2434 futura
599 2397 712 2439 erat,
755 2382 786 2430 fi
807 2383 961 2430 eadem
983 2400 1083 2429 cum
1115 2383 1275 2428 ceteris
1305 2379 1599 2427 animantibus

202 2455 467 2502 conditione
487 2456 549 2500 vti
570 2470 652 2500 nos
673 2456 795 2499 Deus
812 2448 1022 2499 voluifl'et.
1102 2447 1176 2496 Est
1196 2450 1333 2509 igitur
1353 2449 1498 2493 omnis
1527 2447 1600 2494 illa
1676 2462 1682 2475 ¹

183 2534 252 2570 ¹et
281 2523 465 2568 suauitas
495 2534 540 2568 et
568 2522 696 2583 copia
736 2536 830 2566 non
871 2515 1111 2565 neceffitati
1155 2527 1338 2562 naturae
1379 2516 1600 2560 humanae

203 2587 440 2638 necessario
454 2587 680 2644 concessa,
702 2587 771 2634 sed
794 2586 940 2632 diuina
959 2584 1144 2649 quadam
1165 2581 1435 2640 indulgentia
1456 2582 1600 2628 homi·-

202 2673 315 2712 num
334 2657 500 2708 deliciis
520 2654 658 2708 libere
677 2654 850 2705 donata.
884 2658 1034 2723 Atque
1053 2650 1263 2701 fimilh'ma
1279 2646 1340 2699 est
1357 2651 1472 2697 ratio
1483 2658 1600 2724 eete-

1443 2732 1599 2765 romm
