1682 3068
245 187 341 234 330
687 186 761 217 nl:
812 185 1206 219 nxscx-PLINA

245 313 296 344 ac
315 291 479 341 difficili
499 292 829 340 exercitationis
855 291 1029 340 labore:
1070 292 1193 357 quod
1223 292 1346 340 secus
1376 290 1442 340 est
1464 295 1509 340 in
1539 293 1645 349 hoc,

244 368 291 412 in
313 379 402 426 qun
426 361 581 414 multi,
623 369 668 406 et
683 360 807 421 longi
835 359 961 426 saepe
983 377 1034 408 ae
1062 359 1260 407 difficiles
1278 359 1452 407 labores
1473 377 1645 425 propo-

244 441 438 479 nuntur:
481 430 646 492 quippe
665 429 712 474 in
733 428 810 474 illo
832 444 993 487 genere
1013 425 1217 483 affionis,
1255 425 1472 474 correffio
1505 428 1642 474 modo

246 497 414 546 consilii
442 497 486 542 in
518 494 790 559 suscipiendo
813 506 858 541 et
876 494 1050 556 agendo
1078 495 1324 541 inducenda
1354 492 1440 548 est3
1477 495 1526 540 in
1557 495 1645 540 hoc

245 568 317 616 vel
327 563 508 613 actionis
522 560 731 610 honestae
749 559 879 624 ipfius
901 562 1196 627 suscipiendae
1215 562 1394 614 facultas
1404 573 1450 608 et
1467 561 1645 609 consue·

245 633 359 683 tudo
379 632 627 696 quaeritur,
667 629 738 677 vel
757 630 983 695 improbae
1009 647 1112 677 cum
1145 629 1358 677 illecebris
1387 630 1470 676 suis
1502 628 1645 693 repel-

244 701 416 750 lendae.

350 785 421 826 37.
452 763 604 813 Habet
629 773 777 811 autem
806 765 852 811 in
871 765 943 811 his
964 766 1217 811 exercitatio
1237 763 1445 829 quasdam
1467 780 1645 828 praepa·

247 839 455 886 rationes.
555 834 697 878 Prima
715 831 777 878 est
795 833 841 878 in
871 832 1077 896 precibus
1097 833 1148 878 ad
1176 833 1498 878 exercitationis
1529 832 1643 878 illius

247 900 484 954 confilium‘
509 898 758 961 dirigendis.
863 902 1043 946 Etenim
1064 916 1203 963 quum
1237 901 1278 944 in
1302 901 1348 944 iis
1371 898 1527 946 debeat
1560 895 1646 944 effe

245 969 548 1022 necessitatum
572 965 832 1022 nostrarum,
867 970 1068 1031 inprimis
1089 970 1360 1014 internarum
1381 978 1427 1013 et
1444 966 1646 1031 spiritua-

244 1041 353 1088 lium
368 1075 378 1094 ,
415 1040 514 1082 Deo
534 1033 990 1081 commendandarum
1013 1036 1248 1095 cogitati03
1277 1036 1400 1082 cuius
1421 1035 1558 1093 magis
1571 1032 1646 1079 de·

244 1106 367 1155 bebit
388 1099 639 1158 meminisse,
670 1104 746 1165 qui
766 1114 970 1149 exercere
990 1104 1163 1166 pictatis
1185 1112 1229 1147 et
1248 1103 1418 1148 virtutis
1442 1117 1555 1164 opus
1576 1118 1646 1146 ve-

245 1177 325 1229 lit,
366 1189 518 1237 quam,
561 1187 672 1233 quae
692 1169 744 1214 ad
774 1170 891 1215 hanc
909 1172 1130 1216 rationem
1153 1170 1369 1232 pertinet,
1408 1179 1456 1215 vt
1476 1178 1523 1213 et
1556 1169 1646 1214 vim

242 1240 362 1291 reae
392 1237 553 1300 agendi
576 1247 621 1281 et
650 1234 888 1283 successum
920 1255 945 1283 a
965 1241 1064 1283 Deo
1094 1242 1240 1299 petatss
1283 1252 1374 1298 quo
1405 1237 1450 1282 in
1479 1252 1645 1297 genere

243 1311 458 1374 frequens
480 1304 539 1351 est
562 1303 754 1351 Dauides
775 1305 821 1350 in
841 1305 1029 1350 Psalmis.
1108 1306 1168 1349 Ea
1190 1319 1258 1348 res
1280 1301 1458 1349 habebit
1485 1305 1530 1348 in
1551 1301 1645 1366 ipso

245 1380 337 1424 vim
357 1374 605 1437 duplicem:
658 1374 872 1435 primam,
913 1370 965 1417 ad
995 1372 1161 1418 bonam
1182 1370 1457 1417 voluntatem
1489 1367 1648 1415 confir-

245 1443 477 1502 mandam3
548 1440 750 1495 alteram,
787 1439 840 1485 ad
863 1437 1284 1486 animaduersionem
1307 1436 1579 1484 excitandam
1600 1445 1647 1483 et

240 1510 510 1562 ,acuendam3
554 1510 602 1554 in
630 1505 790 1570 quibus
821 1506 953 1553 rebus
984 1504 1067 1553 effe
1094 1507 1476 1571 praeparationem
1497 1504 1648 1550 admo-

246 1579 354 1627 dum
384 1587 431 1623 et
458 1572 733 1623 necelsariam
765 1583 809 1621 et
836 1575 1008 1632 vtilem,
1047 1591 1184 1621 nemo
1215 1572 1394 1619 dubitet.
1494 1573 1648 1619 Altera

126 1648 127 1654 ¹
176 1663 178 1667 ·
246 1645 524 1714 praeparatio
542 1654 587 1689 et
607 1632 819 1706 quaedam
841 1641 952 1688 adeo
974 1639 1092 1704 quasi
1119 1638 1312 1702 prolusio
1333 1636 1418 1695 est,
1462 1655 1555 1686 non
1577 1655 1648 1684 ex-

245 1712 466 1781 spectare,
514 1709 620 1757 dum
649 1711 797 1755 veniat
827 1707 1051 1755 neceffitas
1081 1705 1237 1766 officii,
1288 1707 1359 1752 vel
1388 1708 1434 1752 in
1467 1705 1650 1766 agendo,

247 1780 372 1848 quod
393 1777 566 1826 testum
590 1786 637 1823 et
656 1773 892 1822 honestum
913 1774 971 1830 sit,
1003 1775 1073 1822 vel
1094 1790 1188 1821 non
1208 1774 1399 1835 agendo,
1428 1771 1550 1837 quod
1570 1775 1650 1820 im·

249 1847 450 1917 probum
472 1844 546 1901 fit,
589 1843 661 1890 sed
681 1859 894 1904 quaerere
923 1841 1191 1896 occasiones,
1231 1840 1303 1888 vbi
1324 1842 1393 1889 vel
1421 1841 1549 1889 facias
1576 1841 1649 1887 ali-

249 1915 382 1981 quid,
418 1917 462 1961 in
482 1928 646 1973 genere
666 1910 814 1975 aliquo
833 1911 926 1965 tali,
971 1909 1025 1956 de
1047 1926 1139 1973 quo
1160 1909 1366 1965 diximus,
1407 1907 1483 1956 vel'
1511 1923 1648 1968 neges

248 1984 342 2032 tibi.
421 1982 621 2035 Etenim,
664 1977 716 2024 ad
739 1996 849 2042 quae
874 1976 1042 2038 agenda
1064 1975 1122 2022 fic
1141 1976 1410 2032 accedimus,
1448 1976 1494 2021 in
1516 1977 1566 2021 iis
1587 1971 1649 2021 est

250 2049 478 2099 destinatio
502 2047 636 2095 animi
657 2047 871 2109 praesens,
905 2055 949 2092 et
967 2042 1178 2097 industio,
1205 2055 1252 2091 et
1271 2044 1464 2091 alacritas
1483 2045 1649 2099 maiot;

249 2135 364 2178 quae
393 2134 493 2164 raro
514 2113 602 2169 fine
623 2109 786 2161 effeffim
806 2115 952 2176 operis
972 2109 1045 2159 est·
1148 2110 1232 2157 Sed
1267 2113 1328 2158 ita
1355 2108 1434 2157 fiet
1465 2112 1648 2157 initium

250 2185 372 2235 recte
390 2182 551 2246 agendi
577 2184 625 2229 in
643 2180 928 2237 facilioribus,
978 2197 1060 2244 per
1079 2178 1200 2243 quod
1222 2175 1451 2227 difficultas
1477 2182 1648 2226 minue·

249 2264 327 2302 tur
345 2255 390 2299 in
412 2249 701 2315 grauioribuS,
736 2251 824 2295 hoc
843 2246 914 2299 est,
935 2264 1071 2310 quum
1094 2246 1315 2305 agendum
1335 2247 1420 2292 erit
1440 2242 1648 2303 officium,

250 2335 297 2370 et
317 2317 646 2384 obsequendum
663 2318 879 2363 voluntati
898 2314 1079 2370 diuinae,
1092 2310 1416 2360 vbi‘illecebrae
1428 2312 1651 2377 peccandi,

253 2401 301 2436 et
322 2385 554 2435 difficultas
574 2381 811 2431 obediendi
833 2385 916 2429 erit
939 2399 964 2428 e
982 2380 1282 2445 temporibus,
1328 2381 1456 2437 locis,
1500 2380 1649 2444 perso-

252 2459 436 2520 nisque,
465 2453 536 2501 vbi
557 2455 687 2498 etiam
710 2463 868 2498 contra
886 2451 1158 2498 voluntatem
1180 2445 1401 2510 agendum
1420 2448 1515 2494 erit.
1565 2449 1650 2505 Sic,

255 2540 413 2586 opera,
450 2532 500 2568 vt
518 2521 606 2566 hoc
627 2531 824 2575 Vtamur,
864 2518 1145 2582 eloquentiae
1164 2517 1306 2563 facere
1327 2514 1526 2561 volentes
1554 2531 1650 2563 non

251 2587 529 2655 ¹exspeE’cant,
565 2585 671 2632 dum
693 2586 863 2632 dicendi
883 2596 1062 2650 tempus
1081 2586 1248 2639 veniat,
1281 2592 1328 2629 et
1348 2593 1444 2629 tum
1465 2581 1649 2630 demum

252 2656 414 2708 fibi-‚de
445 2653 634 2704 dicendo
664 2653 949 2718 cogitandum
980 2662 1164 2719 putant:
1206 2665 1343 2700 nemo
1373 2658 1465 2697 tam
1490 2647 1649 2698 stultus

1454 2733 1649 2783 vnquam
