1682 3068
162 174 261 240 376
497 191 570 220 ΒΕ
611 189 872 222 orrxcxo
913 190 1194 224 cunm-rr

169 295 345 346 Iudaeis
365 293 597 357 caliginem
618 306 710 345 tam
739 296 864 362 saepe
885 296 1052 348 obiecit
1080 297 1306 345 sermones
1327 297 1484 347 Christi
1502 317 1573 347 au·

176 361 411 418 dientibuS,
437 381 567 426 quarn
589 362 881 425 figuratorum
904 364 1143 413 verborum
1162 368 1391 427 imagines,
1412 366 1459 412 in
1478 369 1572 429 qui-

175 430 259 481 bus
291 447 368 477 eos
398 430 596 479 videmus
626 433 797 496 semper
825 435 885 480 ita
912 432 1158 490 adhaesiffe,
1189 447 1237 481 vt
1260 434 1314 481 ad
1343 434 1486 482 sensus
1506 451 1574 480 re·

177 499 357 554 ferrent,
393 500 514 562 quod
543 500 597 550 ad
623 502 960 561 intelligentiam
991 504 1260 567 pertineret,
1291 500 1416 549 ficuti
1446 513 1576 547 antea

178 568 226 617 in
247 566 481 632 prophetis
502 569 591 617 hoc
610 570 806 617 velamen
831 570 968 616 oculis
991 568 1217 626 offecerat,
1248 580 1296 617 vt
1316 585 1468 616 verum
1488 570 1576 615 Dei

178 632 415 692 Christum,
449 648 494 683 et
515 654 662 687 veram
685 638 863 685 salutem
884 640 981 693 Dei,
1011 637 1160 685 videre
1182 654 1277 684 non
1297 635 1484 703 poss'ent,
1505 634 1577 683 sed

180 703 373 767 aliquem
397 704 617 753 Christum
647 703 722 754 fibi
751 706 999 769 proprium,
1032 703 1282 769 phantasiae
1299 707 1448 768 vtique
1465 703 1576 753 ludi-

181 769 354 826 brium,
389 770 623 833 fingerent.
693 775 959 827 Enimuero,
985 772 1058 820 vbi
1090 775 1298 820 notiones
1328 771 1576 837 perspicuas

182 849 362 895 teneas„
397 857 502 904 quas
531 841 676 889 verbis
703 842 894 907 propriis
925 851 1127 888 accurate
1159 842 1406 905 exprimere
1433 838 1579 904 poffis,

180 917 277 954 tum
300 922 402 954 cum
424 905 498 956 ista
517 910 617 957 luce
637 907 960 973 comparandae
979 909 1079 956 sunt
1099 909 1314 969 imagines
1335 919 1381 954 et
1399 905 1580 968 figurae,
1611 963 1614 965 ,

179 984 229 1021 vt
246 991 371 1022 error
386 980 568 1039 penitus
589 976 855 1028 excludatur,
885 975 1024 1024 veluti
1053 973 1082 1021 {i
1101 977 1340 1036 imaginem
1361 977 1408 1022 in
1428 973 1581 1023 tabula

179 1039 346 1107 pistam
368 1060 471 1091 cum
494 1045 587 1109 ipso
607 1044 863 1106 exemplari,
896 1043 1011 1088 vnde
1036 1044 1182 1103 imago
1203 1039 1328 1089 duaa
1351 1039 1422 1098 est,
1456 1049 1579 1090 c‘om-

179 1126 321 1175 pares,
353 1122 413 1171 vt,
446 1114 570 1160 cuius
599 1110 652 1163 fit
673 1108 750 1159 issa
769 1110 948 1179 species,
980 1120 1074 1160 arte
1091 1108 1300 1168 simulata,
1332 1109 1462 1176 plane
1479 1124 1580 1175 per-

230 1194 347 1228 iciaS.

181 1181 228 1245 ip
279 1250 431 1310 Atque
460 1245 551 1293 hoc
578 1256 627 1294 vt
653 1247 700 1294 in
721 1246 872 1294 multis
895 1242 1126 1294 dostrinae
1145 1241 1413 1292 Christianae
1431 1244 1582 1309 capiti·

181 1311 282 1368 bus,
314 1314 373 1360 ita
402 1316 590 1362 maxime
618 1316 666 1363 in
698 1332 763 1371 eo,
796 1312 853 1359 de
881 1331 974 1377 quo
1007 1315 1156 1361 dicere
1183 1314 1427 1376 coepimus,
1461 1308 1592 1376 quod

184 1377 245 1425 est
265 1380 320 1426 de
340 1382 436 1430 Iesu
456 1385 700 1437 Seruatore,
723 1379 1005 1429 necessarium
1026 1378 1100 1428 est.
1166 1382 1343 1428 Etenim
1363 1379 1461 1428 satis
1480 1395 1589 1427 con-

180 1444 263 1494 stat
282 1464 388 1497 eum
408 1461 522 1507 ante,
556 1467 691 1513 quam
713 1461 839 1499 natus
859 1447 980 1506 esset,
1012 1448 1189 1513 populo
1210 1446 1446 1498 Israelitico
1466 1446 1584 1495 mu!-

183 1517 240 1562 tis
260 1518 479 1582 variisque
500 1516 578 1565 sub
597 1516 857 1566 nominibus
876 1514 1151 1581 promissum,
1171 1515 1248 1564 sub
1268 1517 1415 1563 multis
1429 1530 1590 1562 rerum

183 1583 482 1633 humanarum
518 1597 884 1648 terrenarumque
923 1585 1076 1646 figuris
1104 1595 1151 1630 et
1178 1583 1465 1643 imaginibus,
1502 1578 1583 1627 sub

184 1650 423 1700 hominum
449 1665 495 1701 et
536 1655 878 1702 cerimoniarum
905 1655 1052 1716 typis,
1091 1649 1401 1698 adumbratum
1433 1645 1583 1702 fuiffe;

185 1730 362 1778 nongvt
386 1720 486 1768 inde
515 1724 714 1785 primum
746 1721 942 1767 hauriret
966 1719 1270 1777 cognitionem
1295 1718 1388 1763 eius
1419 1715 1584 1780 perspi«
1664 1747 1674 1756 ›·

189 1802 342 1842 cuam;
370 1786 601 1850 quomodo
629 1789 780 1835 enim?
811 1786 883 1833 sed
913 1796 961 1833 vt
992 1798 1186 1832 veterem
1215 1800 1406 1849 eamque
1425 1782 1586 1847 simpli—

189 1855 403 1914 cem-eius
431 1857 655 1910 notitiam,
683 1871 794 1922 quae
814 1853 1164 1904 Patriarcha'rum
1191 1850 1350 1908 fuiss'et,
1378 1852 1456 1915 qui
1475 1851 1587 1898 nihil

186 1916 266 1971 nih*
295 1920 439 1972 salutis
466 1922 695 1987 spiritualis
728 1930 773 1968 et
801 1918 1001 1968 coelestis
1030 1918 1256 1967 austorem
1287 1929 1471 1973 norant,
1503 1935 1588 1983 per

192 2005 342 2039 earum
362 1988 604 2051 figurarum
634 1989 996 2042 admonitionem,
1032 1987 1193 2035 affidue
1215 1984 1483 2035 instaurandi
1506 2002 1588 2050 op-

189 2058 514 2122 portunitatem
542 2058 777 2113 haberent,
815 2069 966 2121 aptam
997 2055 1051 2101 ad
1082 2053 1405 2103 sustentandam
1439 2063 1486 2099 et
1512 2070 1587 2100 au·

189 2123 382 2185 gendam
412 2125 547 2190 spem,
578 2127 878 2181 reuerentiam
908 2135 954 2171 et
982 2125 1108 2173 aliam
1138 2127 1364 2189 pietatem.
1430 2124 1492 2168 Ea
1510 2137 1587 2167 au-

191 2204 282 2243 tem
311 2209 382 2241 res
412 2194 534 2247 fecit,
568 2207 617 2242 vt
645 2195 691 2240 in
720 2193 800 2239 illo
833 2204 933 2239 tum
959 2192 1084 2239 velut
1108 2187 1295 2238 transitu
1315 2189 1518 2234 eveteris
1541 2196 1588 2233 et

190 2260 412 2311 Mosaieae
431 2261 686 2323 disciplinae
707 2262 872 2315 vmbris
893 2262 938 2306 in
959 2275 1123 2307 nouam
1146 2257 1397 2320 disciplinae
1418 2273 1443 2302 a
1464 2255 1590 2301 Chri·

195 2326 261 2374 sto
282 2338 327 2378 et
349 2327 573 2393 Apostolis
596 2328 916 2393 proponendae
943 2327 1102 2380 lucem,
1130 2326 1273 2373 multa
1290 2321 1418 2372 fieret
1436 2338 1589 2369 earum

194 2395 437 2457 figurarum
464 2399 652 2452 mentio,
684 2397 843 2460 partim
873 2394 926 2442 ad
955 2395 1289 2455 intelligentiam
1321 2402 1470 2438 earum
1501 2401 1587 2435 tra·

196 2462 388 2509 dendam
410 2464 491 2518 his,
513 2466 587 2526 qui
609 2475 736 2511 antea
757 2465 803 2509 in
825 2465 874 2509 iis
895 2460 1154 2522 caligaffent,
1179 2461 1336 2526 partim
1359 2468 1406 2504 vt
1423 2459 1470 2503 in
1487 2456 1589 2502 fun-

195 2531 411 2577 damentis
430 2529 657 2578 doarinae
669 2533 830 2579 veteris
853 2547 998 2577 nouae
1018 2527 1264 2577 aedificium
1284 2523 1588 2572 exstrueretur-

193 2598 281 2644 Sed
307 2600 353 2644 in
385 2601 433 2643 iis
465 2610 558 2646 tum
592 2597 854 2654 Christianis,
883 2608 930 2643 et
960 2598 1040 2653 his,
1075 2599 1154 2661 qui
1184 2593 1386 2642 Iudaicae
1406 2592 1589 2651 originis¹

196 2663 347 2721 effent,
379 2677 427 2712 et
446 2670 522 2729 qui
541 2685 566 2713 e
587 2669 766 2713 Graecis
788 2664 1060 2721 accessissent,
1092 2664 1203 2711 nihil
1221 2660 1411 2724 amplius
1432 2658 1589 2707 obscu-

1488 2741 1589 2773 rum
