1682 3068
196 179 263 242 64
787 186 1008 225 Ana-1

195 298 440 363 holocausti,
492 299 726 346 immolandi
745 301 886 364 item,
932 319 956 366 q
994 305 1131 350 erendi
1162 300 1292 348 verba
1333 313 1596 351 occurrunt:

196 367 317 434 quasi
344 370 426 412 hac
456 366 543 414 sola
568 369 1001 415 commemoratione
1037 387 1106 416 res
1139 367 1338 416 confeEla
1364 369 1492 418 effect
1541 371 1595 419 ad

192 437 333 483 multa
365 433 528 481 deinde
555 434 1099 499 respondendi'neceffitas
1132 450 1281 484 exorta
1311 436 1455 492 essem·
1478 447 1595 501 quae

193 503 255 550 est
277 502 428 550 misera
449 514 495 549 et
515 501 644 549 taedii
669 504 797 566 plena
817 508 864 550 in
884 516 974 551 tam
994 506 1104 551 mala
1126 502 1276 551 caussa.
1344 504 1428 551 Sed
1447 506 1594 562 nobis,

193 575 239 621 in
269 571 568 631 disputatio-ne
597 568 812 624 instituta,
851 589 942 619 non
976 583 1064 618 tam
1094 572 1330 619 videndum
1363 571 1445 626 est,
1488 573 1595 636 quid

193 640 287 687 non
311 638 484 692 dixerit,
524 649 663 702 quam*
679 638 783 702 quid
800 638 977 696 dixerit,
1018 639 1154 703 idque
1172 650 1373 688 accurate
1393 639 1594 687 refellen·
1652 665 1658 671 ·

194 707 318 761 duni.
385 709 432 752 In
453 723 540 770 quo
560 706 811 759 tenebimus
834 709 947 754 hanc
965 709 1204 765 rationem,
1221 720 1270 755 vt
1289 711 1479 770 primum
1501 710 1591 756 vni-

192 775 341 822 versae
362 773 665 837 disputationis
685 773 1205 822 vitium-demonstremus
1217 802 1243 831 ‚·
1261 774 1419 821 deinde
1439 774 1494 820 de
1512 773 1591 823 fin·

194 843 309 906 gulis
340 840 600 906 quibusdam
631 842 699 888 vel
727 844 1027 905 Liturgiarum
1055 843 1220 899 verbis,
1258 843 1329 890 vel
1354 845 1594 891 spIuratorii

131 968 135 971 μ
193 907 320 959 'distis
351 908 705 973 respondeamus.

190 974 204 983 ’
294 975 430 1033 Quod
460 979 595 1037 igitur
623 975 675 1023 ad
701 979 896 1040 primum
932 979 1114 1033 attinet,
1161 993 1314 1041 pamm
1355 975 1593 1041 diligenter
1651 1015 1654 1017 .

118 1088 123 1091 r
189 1042 297 1094 feeit
309 1047 580 1092 Muratorius
600 1047 643 1091 in
658 1047 802 1110 capite
821 1062 887 1100 eo,
907 1047 952 1092 in
975 1045 1095 1110 quod
1119 1046 1350 1092 latinarum
1374 1046 1590 1104 Liturgia‘·
1645 1039 1654 1074 j

188 1111 291 1162 rum
315 1111 566 1160 testimonia
587 1111 821 1174 congeffit,
862 1111 983 1178 quod
1006 1113 1114 1160 nihil
1147 1112 1285 1171 aliud,
1330 1129 1459 1176 quam
1493 1112 1592 1174 loca

186 1178 446 1247 proposuit3
481 1181 528 1226 in
545 1175 702 1246 quibus
726 1178 801 1235 ea,
828 1197 941 1244 quae
963 1193 1068 1227 ante
1088 1180 1286 1233 diximus,
1316 1178 1452 1226 verba
1471 1194 1590 1225 com-

187 1254 510 1296 memorantur.
587 1253 686 1304 Qua
715 1250 760 1294 in
789 1265 836 1294 re
857 1249 1094 1312 dupliciter
1114 1248 1329 1312 peccauit.
1408 1248 1590 1293 Etenim

184 1333 326 1364 nemo
349 1314 542 1370 dubitat,
593 1323 669 1361 au't
705 1315 858 1370 nescit,
906 1318 950 1362 in
985 1317 1284 1375 Liturgiarum
1325 1313 1590 1360 carminibus

186 1382 260 1433 ista
284 1382 419 1430 verba
437 1382 731 1446 frequentari:
774 1383 846 1429 illa
875 1391 1022 1430 autem
1053 1382 1143 1429 duo
1175 1380 1455 1428 dubitantur:
1501 1383 1588 1444 pri-

183 1467 333 1506 mum,
401 1467 473 1499 an⁴
507 1465 580 1495 ea·
608 1451 791 1514 proprie
839 1451 911 1497 vel
962 1452 1136 1515 tropice
1174 1447 1407 1504 dicantur,
1475 1446 1588 1512 quoa

183 1536 287 1566 rum
311 1517 418 1563 illud
439 1521 639 1572 Romani,
670 1518 760 1564 hoc
779 1535 862 1565 nos
884 1518 1222 1564 contendimus:
1259 1517 1417 1564 deinde
1435 1527 1586 1563 vtrum

185 1585 270 1633 sint
290 1587 334 1631 in
356 1597 480 1648 parte
502 1602 549 1630 ea
571 1586 816 1646 Liturgiae‚
847 1601 959 1649 quae
976 1586 1157 1648 proprie
1176 1600 1294 1640 eam,
1328 1601 1459 1648 quam
1479 1600 1587 1630 con·
1625 1594 1629 1595 ’

185 1654 474 1700 secretionem
497 1651 668 1706 dicunt,
702 1652 925 1717 continet,
944 1668 1031 1715 qua
1052 1648 1161 1698 fasta
1181 1653 1316 1699 multi
1333 1651 1583 1706 credebant,

184 1720 390 1786 praesens
420 1716 505 1765 else
531 1736 684 1766 verum
706 1734 878 1783 vcorpus
916 1729 963 1765 et
997 1718 1255 1780 sanguinem
1300 1736 1454 1766 verum
1489 1718 1584 1766 Iesu
1636 1744 1647 1773 ὴ

187 1786 371 1848 Christi,
412 1805 467 1834 an
495 1790 539 1834 in
561 1785 797 1841 oblationis
819 1783 1035 1843 formul-Q*
1077 1804 1187 1851 quae
1207 1787 1605 1837 consecrationem,

217 1853 413 1903 raecedit
430 1857 474 1901 in
499 1852 650 1901 Missae
672 1856 874 1908 Canone,
909 1856 1195 1919 pertinetque
1216 1853 1304 1902 sine
1325 1862 1583 1902 controuer-
1632 1857 1634 1864 '

181 1873 242 1970 fia
260 1921 314 1971 ad
334 1923 531 1982 naturale
548 1924 700 1968 vinum
719 1925 765 1967 et
785 1938 965 1986 panem,
1010 1924 1301 1984 et‘vtriusque
1331 1922 1382 1970 ad
1413 1921 1588 1968 Euchaa-

181 1988 379 2039 risticum
401 1990 567 2037 sacrum
590 1986 939 2036 destinationem.
1015 1992 1191 2037 Etenim
1211 1987 1243 2037 {i
1262 1992 1352 2037 hoc
1372 1987 1452 2046 est,
1485 2004 1580 2040 non

182 2057 321 2105 modo
340 2058 451 2104 nihil
478 2056 665 2122 prosunt
690 2055 853 2103 caussae
873 2060 1114 2115 Romanae,
1155 2060 1258 2119 quia
1283 2060 1330 2104 in
1359 2055 1432 2103 ista
1461 2054 1582 2110 obla-

180 2129 306 2185 tione
327 2125 530 2172 nondum
559 2122 673 2171 adest
688 2123 855 2189 'corpus
876 2134 921 2170 et
949 2124 1120 2186 sanguis
1142 2123 1319 2181 Christi,
1358 2126 1491 2171 etiam
1527 2139 1582 2170 ex

148 2231 151 2240 f
180 2194 379 2258 ipsorum
399 2192 637 2248 sententia,
680 2191 752 2238 sed
773 2194 902 2238 etiam
931 2191 1092 2239 obsunt
1115 2192 1301 2239 mirifice
1329 2203 1580 2258 propterea,

181 2259 305 2325 quod
326 2260 430 2306 inde
448 2261 632 2321 intelligi
651 2262 767 2306 clare
784 2257 943 2324 potest,
964 2277 1013 2305 ea
1033 2261 1163 2307 verba
1182 2264 1356 2326 tropice
1377 2257 1473 2313 dici,
1494 2274 1580 2304 nec

181 2328 235 2375 ad
257 2344 422 2392 corpus
452 2338 498 2374 et
521 2328 778 2389 sanguinem
802 2324 959 2374 Christi
988 2331 1235 2391 pertinere,
1274 2337 1407 2392 atque
1437 2342 1585 2389 porro

179 2398 356 2458 tropice
377 2398 515 2460 accipi
542 2393 682 2459 posse,
723 2397 852 2441 etiam
877 2393 950 2440 vbi
979 2397 1025 2441 in
1046 2391 1374 2442 consecratione
1394 2396 1580 2456 propria⁴

179 2472 426 2508 occurrant.
499 2466 651 2526 Itaque
672 2461 860 2508 debebat
886 2479 1031 2508 nouus
1052 2464 1125 2510 ille
1153 2461 1348 2509 sacrificii
1370 2461 1579 2506 Euchari-

179 2528 270 2575 stici
299 2528 480 2575 assertor
509 2530 598 2576 hoc
624 2532 669 2575 in
699 2531 850 2594 primis
879 2528 1060 2584 docere,
1108 2528 1238 2577 verba
1264 2530 1333 2576 illa
1360 2527 1412 2574 ab
1451 2529 1575 2574 omni

177 2591 315 2659 tropo
339 2593 472 2641 libera
494 2594 586 2641 else.
668 2597 754 2643 Sed
784 2600 1086 2656 grammaticas
1117 2597 1211 2644 illas
1239 2596 1572 2660 disputationes,
1626 2603 1628 2606 ’

177 2671 226 2733 vt
255 2679 390 2711 omne
422 2663 722 2729 interpretum
753 2665 910 2724 vulgus
951 2664 1074 2722 facit,
1136 2662 1376 2727 diligenter
1404 2663 1604 2721 vitavit„
1666 2707 1668 2712 ,

274 2740 276 2743 ’
1457 2732 1609 2777 Sunt‘
