1650 3060
177 165 278 216 530
356 168 421 198 nn:
456 152 809 199 &anomocus
842 147 1113 200 maa-one.
1143 169 1209 200 ιτ
1245 165 1476 204 nocuum

183 278 290 325 tinis
310 275 600 323 monimentis
623 271 852 332 Ecclesiae,
869 274 1011 338 ipsum
1029 285 1216 331 conatur
1240 279 1435 339 gignere,
1455 280 1577 344 quod

156 383 167 386 ><
185 341 343 392 trastet
359 354 591 407 ornetque.
657 340 745 390 Sed
773 357 875 389 cum
903 344 996 390 eius
1015 346 1079 390 rei
1104 342 1240 392 caussa
1258 344 1319 393 ‘fit
1345 347 1512 395 inscitia
1529 349 1577 395 li·

184 423 379 460 terarum
405 422 454 465 ej:
482 408 698 465 historiae,
731 407 823 456 fine
851 409 1018 474 quibus‘
1040 413 1173 458 etiam
1203 413 1324 460 rudia
1343 415 1513 480 semper
1532 424 1579 462 ct

182 477 413 527 inuenusta
439 478 540 525 sunt
571 479 750 538 ingenia
779 479 982 534 humana,
1015 493 1059 525 et
1091 482 1136 526 in
1166 481 1421 540 cogitando,
1452 494 1498 528 et
1534 484 1580 528 in

184 545 420 596 scribendo
453 562 504 592 ac
533 543 803 600 differendo,
833 543 1070 593 necessario
1105 547 1262 595 incidit
1296 550 1342 596 in
1371 549 1582 596 subtilita-

185 626 256 663 tes
279 625 324 660 et
341 629 482 673 nugas
508 611 842 677 metaphysicas,
872 623 918 660 et
943 612 1249 663 abstraffiones
1276 619 1439 670 inanes,
1473 633 1580 681 quas

185 683 319 730 etiam
339 681 600 744 nugaciores
621 680 922 728 evinsaniores
943 681 1048 728 facit
1067 682 1209 730 verbis
1231 682 1416 731 barbaris
1438 694 1486 730 et
1507 683 1582 732 ob-

187 750 336 799 fcuris.
409 745 545 802 Quod
565 749 627 795 ita
643 745 728 794 esse
745 747 881 795 docet
898 747 1073 796 historia
1102 760 1360 814 temporum
1389 751 1581 816 superio-

186 835 303 867 rum.
372 820 495 862 Nam
529 814 752 863 barbaram
782 826 826 862 et
845 814 1068 864 inficetam
1090 819 1391 879 Theologiam
1409 819 1586 866 Schola·

186 883 408 940 stkorum,
441 883 538 930 satis
565 881 753 939 constat,
785 895 931 930 natam
963 883 1047 930 effe
1075 902 1130 931 eo
1152 895 1365 950 tempore,
1400 903 1488 950 quo
1507 888 1586 933 lin-

189 969 380 1015 guarum
408 953 711 1012 antiquarum,
743 949 907 1014 quibus
936 951 1077 998 sacrae
1104 952 1342 1017 scripturae
1370 965 1415 999 et
1445 954 1586 1000 moni-

190 1030 344 1083 menta
362 1016 575 1066 Ecclesiae
596 1016 845 1078 consignata
874 1018 984 1075 sunt,
1021 1019 1198 1066 scicntia
1225 1019 1455 1069 defecerat.
1525 1024 1587 1067 Ea

188 1099 341 1137 autem
371 1096 470 1133 tum
493 1085 677 1131 demum
696 1086 848 1148 coepit
866 1088 1099 1132 contemni
1118 1103 1167 1132 ac
1186 1087 1418 1152 repudiari,
1447 1089 1586 1134 omni·

191 1172 347 1219 noque
374 1153 630 1213 Theologia
656 1154 906 1216 repurgari,
938 1170 1043 1200 cum
1074 1152 1219 1201 studiis
1250 1156 1503 1215 linguarum
1541 1164 1588 1201 et

190 1222 399 1272 historiae
427 1222 660 1276 reuocatis,
696 1220 951 1282 Theologia
977 1218 1179 1268 historica
1208 1239 1232 1269 a
1252 1223 1588 1275 Lutllero,iMe⁴

192 1291 445 1344 landzfflone,
478 1298 700 1335 eteorum
722 1285 883 1335 asseclis
910 1305 961 1334 ac
990 1288 1220 1352 discipulis,
1252 1287 1439 1342 studiose
1457 1289 1590 1336 acdi-

191 1359 386 1419 ligenter
408 1355 494 1402 coli
515 1365 562 1402 et
580 1353 756 1402 trastari
788 1353 1011 1420 coepisset.
1082 1360 1140 1404 Et
1158 1357 1257 1404 hoc
1281 1359 1439 1404 vitium
1459 1356 1591 1405 nasci-

192 1435 282 1477 tur,
316 1422 344 1470 fi
365 1441 389 1470 a
407 1423 690 1484 Theologiac
720 1423 1034 1471 acroamaticac
1053 1422 1195 1472 studio
1221 1422 1330 1471 absit
1354 1424 1488 1473 altera
1506 1424 1591 1481 illa,

193 1510 329 1558 quam
355 1489 604 1538 historicam
624 1507 848 1548 vocamus,
881 1493 926 1537 in
947 1493 1140 1553 ingeniis
1159 1491 1328 1539 acribus
1347 1501 1392 1539 et
1408 1492 1591 1552 magnis.

198 1558 354 1617 Quid?
386 1560 546 1606 ceteris
567 1559 679 1605 nihil
707 1575 845 1606 noxae
872 1557 1029 1606 affert?
1062 1563 1208 1606 Immo
1229 1576 1333 1606 cum
1352 1561 1465 1615 alias,
1494 1569 1592 1606 tum

194 1629 431 1691 ignauiam,
464 1628 729 1691 quae‘etiam
757 1625 876 1673 bona
902 1629 1082 1688 ingenia
1108 1625 1317 1681 debilitat,
1351 1626 1591 1674 mediocria

198 1712 306 1744 vero
323 1709 374 1742 ct
392 1698 539 1742 tenuia
560 1694 692 1758 plane
717 1695 950 1754 extinguit.
1019 1698 1140 1740 Nam
1169 1693 1450 1757 acquiescunt
1467 1695 1514 1739 in
1534 1709 1590 1739 eo

200 1761 474 1825 compendio
494 1773 541 1808 et
561 1759 802 1823 systemate,
835 1778 886 1806 ex
907 1777 998 1825 quo
1023 1763 1224 1807 tirocinia
1250 1760 1510 1815 didicerunt,
1545 1769 1592 1807 et

197 1832 247 1879 in
263 1827 431 1876 dieiatis
452 1827 759 1889 magistrorum
777 1826 830 1874 ad
849 1826 1226 1892 idcompendium
1243 1826 1593 1892 illuminandum,

191 1914 285 1956 ‘nec
304 1895 467 1961 aliquid
487 1892 733 1942 desiderant
749 1895 955 1958 amplius-,3
988 1896 1112 1959 quod
1140 1894 1234 1942 satis
1251 1894 1308 1950 ,se
1331 1895 1493 1942 habere
1512 1911 1592 1958 pu-

198 1974 316 2019 tant,
349 1974 396 2010 et
415 1961 591 2010 fortasse
611 1964 741 2010 etiam
767 1963 860 2008 aliis
888 1962 1089 2018 credunt,
1123 1961 1178 2008 ad
1197 1979 1356 2008 munus
1374 1964 1420 2008 in
1442 1962 1593 2009 Eccle-

198 2031 259 2081 ssa
283 2042 359 2079 aut
386 2030 623 2078 Academia
650 2033 734 2080 rite
763 2030 1034 2077 obeundum
1100 2033 1157 2076 Et
1176 2030 1330 2093 quidni
1351 2030 1448 2076 satis·
1465 2028 1530 2086 fit,
1560 2028 1593 2076 si

202 2102 392 2147 alterum
421 2098 530 2145 illud
561 2114 700 2159 genus
727 2098 1009 2158 Theologiae
1033 2114 1128 2145 non
1157 2095 1217 2143 est
1236 2095 1519 2145 necessarium
1538 2094 1594 2142 ad

202 2184 352 2216 veram
375 2177 421 2213 et
439 2164 592 2213 iustam
612 2165 894 2226 Theologiae
921 2164 1180 2212 scientiam?
1213 2168 1301 2212 Cur
1323 2166 1440 2212 enim
1459 2165 1502 2211 se
1521 2180 1594 2210 ve·

203 2245 309 2283 xent
335 2235 541 2286 homines
569 2231 786 2279 discendis
817 2231 948 2280 rebus
977 2249 1072 2280 non
1102 2230 1368 2289 necessariis,
1403 2246 1592 2296 quarum

201 2302 316 2348 nihil
334 2299 574 2348 admodum
594 2303 639 2346 in
660 2297 761 2364 ipsis
782 2301 1010 2364 praeclariae:
1029 2298 1245 2360 magistris
1263 2297 1347 2345 effe
1367 2314 1592 2361 cognoue-

201 2371 326 2417 rint‘?
359 2367 490 2415 Vnde
517 2378 679 2432 quanta
708 2366 849 2414 fundo
877 2367 1164 2426 Theologico
1189 2379 1236 2414 et
1255 2365 1466 2413 Ecclesiae
1485 2366 1592 2414 cala·

200 2439 337 2483 mitas
360 2436 584 2491 inferatur,
621 2436 717 2499 quis
739 2451 833 2481 non
851 2435 1003 2481 videt?
1035 2439 1199 2497 Neque
1217 2435 1337 2480 enim
1356 2435 1435 2481 alia
1455 2434 1593 2492 magis

201 2501 343 2549 caussa
370 2502 431 2549 est
458 2503 774 2566 querimoniae,
807 2520 920 2567 quac
947 2501 1087 2548 indies
1107 2500 1381 2565 frequentius
1402 2500 1593 2554 auditur,

199 2569 257 2615 de
275 2572 382 2616 mira
403 2573 619 2635 paucitate
636 2586 809 2624 eorum,
841 2571 915 2633 qui
934 2568 1193 2616 muneribus
1217 2573 1262 2615 in
1283 2568 1528 2614 Academiis
1545 2576 1594 2611 et

199 2635 390 2686 Ecclesia
405 2637 650 2685 maioribus
673 2637 770 2684 satis
794 2634 979 2685 honeste
1005 2636 1234 2684 admoueri
1251 2633 1425 2700 poffint.

1479 2700 1590 2755 Qui-
