1682 3068
200 194 297 241 180
501 193 784 233 warnier-Ax
830 200 1085 232 Annia-1111
1121 200 1304 235 n1v1u1

199 304 512 370 magnitudine
533 307 669 354 animi
698 305 762 355 sui
781 308 920 370 magis
943 305 1249 370 delestabatur
1277 310 1464 374 paucula
1481 328 1604 376 aqua,

198 375 256 426 ab
294 373 455 423 rustico
487 372 595 422 doni
637 375 741 423 loco
769 375 886 432 data,
955 394 1084 442 quam
1114 388 1369 424 ceterorum
1395 381 1603 442 quamuis

198 445 373 504 magnis
395 442 677 500 muneribus,
700 445 877 491 enixum
895 446 1072 509 pietatis
1090 436 1396 506 fignifican‘d'ae
1410 438 1602 494 studium

197 514 405 559 intuens:
458 522 611 558 tamen
639 510 819 558 minime
848 512 1004 569 credo,
1046 529 1192 577 aequo
1220 512 1412 560 laturum
1451 517 1601 561 animo

195 577 345 634 fuifl'e,
377 577 409 625 {i
428 582 525 643 quis
543 577 591 626 iti
611 579 651 624 se
669 577 873 626 adeundo
894 578 1002 627 illud
1021 578 1272 646 προσ-κυνεῖν
1293 583 1524 639 omittere,
1555 592 1602 628 et

108 676 114 683 ·
197 648 287 695 alio
308 644 429 708 gestu
446 650 530 704 vti,
572 650 646 693 aut
663 649 850 694 omnino
879 664 1044 709 genere
1063 650 1213 711 aliquo
1240 664 1334 695 non
1357 646 1601 696 constituto

196 714 371 776 legibus
392 714 612 762 honorem
634 714 795 762 habere
817 714 1036 763 voluiss‘et.
1112 719 1314 764 Omnino
1334 714 1426 763 duo
1451 718 1498 763 in
1518 717 1601 763 hac

195 799 249 832 re
261 778 502 844 >diligenter
521 779 791 843 distinguere
810 785 1049 840 conuenit,
1085 799 1219 847 genus
1234 788 1412 846 pietatis
1425 787 1602 845 proden-

195 855 302 908 dae,
335 860 383 897 et
402 853 570 914 generis
589 853 779 915 cuiusque
798 856 972 899 modum.
1069 853 1228 897 Genus
1247 850 1427 915 quidem
1454 851 1600 914 ipsum

194 917 327 966 debet
354 915 440 965 effe
468 916 683 964 idoneum
711 917 1006 982 proferendae
1028 918 1399 983 *exercendaeque
1430 919 1600 984 pietati,

193 996 241 1034 et
255 984 441 1046 dignum
457 1002 532 1040 eo,
566 1001 701 1048 quem
723 987 862 1048 pietas
883 983 1191 1050 ampleffltur:
1220 989 1267 1031 in
1288 985 1427 1032 modo
1445 996 1597 1033 autem

191 1055 371 1117 generis
392 1056 607 1113 cuiusque
623 1051 886 1117 praestandi,
930 1055 1067 1099 animi
1085 1054 1275 1099 maxime
1296 1052 1598 1114 integritatem

190 1122 411 1169 conuenit
431 1116 623 1184 speGari.
690 1124 743 1174 ,ln
763 1136 930 1181 genere
949 1123 1084 1182 igitur
1102 1120 1196 1185 ipso
1215 1118 1434 1185 quaedam·
1452 1119 1599 1166 neces-

187 1187 291 1237 sitas
314 1187 447 1236 debet
465 1188 671 1249 intelligi,
691 1186 780 1234 fiue
798 1206 820 1235 a
839 1199 1006 1243 natura,
1026 1186 1116 1235 siue
1135 1205 1158 1233 a
1180 1198 1423 1253 praecepto
1444 1187 1596 1234 diuino

190 1267 310 1313 orta;
380 1258 425 1302 in
448 1254 586 1302 modo
606 1267 757 1304 autem
777 1258 870 1303 eius
891 1256 1051 1320 aliquid
1080 1255 1208 1302 liberi
1236 1256 1526 1320 relinquitur,
1564 1253 1597 1301 si

188 1325 340 1373 animo
369 1321 542 1370 constet
568 1325 720 1388 pietas.
817 1325 1096 1388 supplicare,
1137 1333 1184 1369 vt
1212 1323 1304 1369 hoe
1322 1335 1436 1381 vtar,
1470 1326 1596 1378 Deo,

188 1393 351 1454 gratias
381 1403 513 1453 agere
551 1409 635 1456 pro
674 1390 920 1448 beneficiis,
973 1388 1258 1438 necessarium
1296 1388 1379 1436 est:
1442 1399 1595 1437 vtrum

185 1459 406 1508 meditato
429 1464 473 1507 et
494 1457 657 1506 diserto
678 1462 874 1508 carmine
895 1475 980 1505 nec
999 1476 1076 1514 ne,
1116 1459 1228 1505 nihil
1256 1459 1414 1514 refert,
1453 1457 1595 1505 modo

186 1530 364 1576 animus
386 1524 582 1576 confidat
609 1530 814 1592 potentia
832 1538 877 1574 et
894 1526 1095 1574 bonitate
1115 1529 1226 1582 Dei,
1267 1524 1410 1590 fitque
1431 1527 1594 1571 intimo

185 1593 474 1656 benignitatis
502 1595 624 1641 sensu
650 1597 874 1658 percitus:
927 1610 1010 1640 nec
1039 1592 1322 1641 necessarium
1351 1591 1434 1647 est,
1481 1589 1513 1638 fi
1547 1590 1593 1638 id

183 1664 332 1728 palam
354 1661 442 1717 fiat,
477 1678 566 1725 quo
586 1673 792 1726 tempore
809 1677 862 1708 ac
885 1659 967 1717 die,
999 1677 1153 1724 quoue
1173 1661 1277 1707 loco
1299 1657 1387 1706 fiat.
1457 1658 1591 1707 Vnde

184 1729 238 1777 fit
255 1731 453 1794 primum
467 1763 478 1782 ,
521 1738 590 1784 vt,
628 1726 792 1776 etiamsi
810 1731 930 1775 Deus
950 1730 1124 1775 animos
1148 1729 1335 1774 maxime
1352 1727 1591 1774 hominum

183 1794 372 1864 spel-ht,
417 1797 731 1860 internamque
762 1798 997 1860 pietatem,
1033 1806 1182 1842 tamen
1216 1794 1393 1842 homini
1422 1811 1590 1856 genera

183 1864 370 1914 honoris
391 1863 656 1912 extrinsecus
680 1862 872 1912 habendi
891 1880 986 1909 non
1009 1861 1092 1909 lint
1113 1863 1258 1916 libera,
1278 1862 1350 1909 sed
1369 1880 1419 1909 ea
1436 1864 1587 1926 potius
1606 1927 1609 1929 Ι

181 1930 269 1980 fint
297 1930 539 1996 sequenda,
580 1948 693 1997 quae
723 1940 843 1993 grata
871 1935 972 1978 Deo
995 1929 1167 1978 constet
1195 1929 1305 1976 fore.
1399 1928 1589 1986 Deinde,

182 1997 347 2048 etiamst
367 2002 413 2047 in
439 1998 577 2047 modo
597 2001 768 2061 generis
798 2001 1014 2063 cuiusque
1033 2010 1189 2046 natura
1207 1996 1371 2061 aliquid
1397 1994 1460 2043 est
1479 1996 1587 2043 libe-

181 2085 284 2117 rum
303 2087 313 2116 z
350 2078 500 2115 tamen
520 2068 646 2114 nullo
665 2066 803 2116 modo
824 2076 1048 2132 repugnat
1066 2066 1299 2132 sapientiae
1322 2064 1511 2123 diuinae,
1535 2081 1587 2110 ea

178 2136 282 2196 lege
302 2133 508 2192 definire,
543 2137 664 2195 etita
684 2136 754 2182 vel
785 2134 990 2197 dignitati
1009 2134 1128 2192 suae,
1159 2134 1228 2182 vel
1243 2131 1482 2181 hominum
1500 2132 1582 2180 sol·

178 2202 401 2255 licitudini
418 2213 465 2253 et
481 2203 768 2252 imbecillitati
787 2204 1055 2252 succurrere.

283 2356 357 2388 10.
390 2343 481 2386 Iam
503 2355 642 2404 porro
666 2355 758 2387 non
782 2335 864 2395 est,
885 2337 1007 2402 quod
1029 2339 1124 2403 quis
1144 2335 1277 2390 dicat,
1299 2331 1407 2381 illud
1427 2333 1582 2398 ipsum,

180 2406 293 2470 quid
313 2405 366 2454 fit
386 2406 569 2467 dignum
590 2410 712 2462 Deo,
735 2406 909 2470 adsequi
931 2407 1179 2452 humanum
1198 2403 1424 2464 ingenium
1446 2401 1582 2464 poffe.

176 2489 324 2537 neque
345 2475 443 2535 lege
464 2474 615 2521 diuina
634 2491 747 2541 opus
764 2472 861 2521 effe.
939 2478 1057 2521 Nam
1077 2475 1291 2538 primum,
1326 2466 1371 2515 id
1390 2471 1579 2515 reuincit
1652 2487 1659 2492 ·

174 2540 273 2587 vsus
298 2553 343 2587 et
364 2543 654 2606 experientia,
690 2551 737 2603 vt
754 2553 855 2589 ante
879 2539 1044 2588 distum
1065 2539 1146 2596 est,
1176 2539 1232 2602 (§.
1254 2540 1312 2595 8.)
1345 2547 1391 2581 et
1411 2535 1578 2599 sapien·
1644 2560 1646 2564 ·

172 2606 322 2654 tiffimi
339 2610 494 2672 populi
518 2611 561 2655 in
587 2626 640 2656 eo
663 2609 755 2656 fere
773 2610 815 2655 se
832 2607 1095 2656 stultissimos
1119 2603 1370 2671 praebuere.
1423 2608 1575 2665 Aegy-

172 2674 372 2740 ptiorum
391 2675 572 2739 quidem
593 2677 821 2743 sapientia,
865 2679 998 2724 etiam
1027 2675 1155 2722 saeris
1184 2674 1323 2723 literis.
1348 2670 1578 2785 celeprata,
1645 2707 1651 2712 .

337 2767 340 2769 >
748 2768 752 2770 ἡ
1391 2755 1441 2785 re
1458 2753 1570 2799 igio·
1644 2751 1652 2755 ·

1681 1447 1682 1459 1

1680 1509 1682 1518 ι
