1682 3068
327 174 387 205 ῙΉ
432 169 730 205 RBBIGIONE
770 167 1196 202 consrlrvmmlx
1365 165 1462 213 203

51 287 164 366 με,
201 283 297 330 non
315 279 495 329 videtur
518 277 595 326 fua
620 278 785 344 sponte
814 274 1004 342 potuisse
1031 274 1229 323 diuinam
1258 283 1464 322 naturam

62 349 434 416 stepen-spicere,
463 355 510 395 vt
539 362 634 393 non
666 345 808 392 multa
834 346 1211 409 relinquerentur,
1257 343 1327 389 vel
1346 358 1462 407 quae

64 427 253 482 cuperet
264 413 557 478 cognoscere,
595 413 666 460 vel
686 411 845 477 quibus
864 413 1059 472 cognitis
1078 409 1264 458 mirifice
1282 410 1466 464 laetare,-

66 497 153 542 tur,
170 496 220 532 et
236 484 292 532 ad
301 486 448 532 Deum
463 479 772 530 admirandum
793 478 1120 542 amandumque
1140 477 1463 526 incenderetur.

65 556 190 601 Sicut
205 554 252 599 in
266 561 418 600 monte
434 551 628 597 humana
645 548 791 595 insunt
810 547 1050 612 permulta,
1093 563 1207 610 quae
1228 546 1349 593 nulla
1368 563 1468 611 per·

58 621 213 686 'spieua
230 616 479 692 medulfi-eote
493 633 548 663 ex
574 615 704 681 ipsius
724 614 985 662 definitione
1011 613 1312 675 colliguntur,
1356 630 1468 678 quo·

65 703 261 752 rumque
271 684 385 734 adeo
405 685 625 732 rationem
641 701 693 731 ex
714 701 764 731 ea
782 682 970 730 reddere
990 699 1085 728 non
1115 681 1366 745 poffumus:
1407 679 1467 727 fio

65 755 212 805 multo
235 755 399 815 magis,
443 750 611 800 etiamsi
649 751 918 799 nesciremus
944 750 1081 796 literis
1113 748 1276 795 diuinis
1308 745 1470 805 edosti,

67 834 218 872 men
237 819 474 869 existimare
493 819 777 878 deberemus,
817 820 863 866 in
890 815 1060 865 infinita
1079 814 1308 863 diuinitate
1334 813 1469 863 inesse

15 926 19 927 γ
65 890 292 957 pennula
321 899 370 936 et
388 891 600 944 maxima,
640 905 753 951 quae
779 904 832 934 ex
861 886 935 933 illa
966 888 1053 932 Dei
1080 886 1291 941 notione,
1331 901 1469 947 quarn

64 959 252 1023 primam
281 959 479 1022 concipit
505 973 633 1003 mens
662 956 880 1007 humana,
916 971 941 1001 a
961 971 1047 1018 qua
1063 950 1366 1013 cognoscendi
1385 953 1471 998 Dei

38 1023 50 1030 ⁸
66 1026 246 1072 initium
268 1025 394 1082 facit,
425 1025 614 1086 intelligi
637 1041 719 1089 per
735 1019 1018 1070 necessariam
1046 1021 1237 1085 aliquam
1259 1019 1471 1067 consecu-

66 1094 262 1146 tionem,
296 1109 564 1158 quamquam
584 1091 782 1139 vniuersa
802 1106 955 1138 rerum
973 1099 1130 1136 natura
1147 1086 1474 1150 diligentissime

69 1171 351 1225 comparata,
393 1161 519 1208 nullo
546 1159 687 1208 modo
715 1168 894 1223 queant.
998 1159 1115 1214 Quis
1142 1158 1280 1217 igitur
1302 1154 1474 1212 audeat,

69 1228 164 1276 hoe
180 1227 446 1284 abhorrens,
483 1245 536 1276 ae
562 1245 658 1276 non
689 1228 838 1291 potius
869 1227 1146 1274 conueniens
1175 1237 1223 1271 et
1241 1223 1475 1288 probabile

68 1293 283 1351 iudicare,
321 1293 352 1341 fi
368 1299 518 1343 Deum
538 1294 747 1350 dicamuS,
789 1294 931 1342 multa
951 1292 1064 1340 dese
1082 1289 1298 1339 tradidisse
1317 1292 1477 1356 primis

70 1362 156 1409 illis
173 1361 451 1416 hominibus,
485 1374 556 1418 et,
589 1360 621 1408 fi
640 1363 942 1424 integritatem
963 1358 1306 1417 conseruaffent,
1324 1375 1475 1423 porro

72 1428 340 1478 traditurum
360 1427 484 1477 fuisse
502 1430 560 1477 de
576 1440 732 1478 natura
750 1427 1031 1492 consiliisque
1050 1427 1158 1482 suis,
1188 1444 1301 1491 quae
1320 1426 1475 1491 suapte

73 1499 118 1544 vi
138 1495 313 1560 adsequi
343 1514 436 1545 non
466 1496 662 1561 poss'ent,
699 1507 831 1561 atque
856 1498 914 1543 ita
935 1493 1143 1550 effecisse,
1184 1506 1232 1541 vt
1261 1498 1348 1541 iam
1377 1505 1479 1542 tum

74 1580 171 1611 non
200 1581 322 1611 mera
354 1565 637 1630 philosophia
665 1563 793 1620 esset,
840 1581 972 1627 quam
1011 1574 1222 1610 tenerent
1252 1562 1479 1618 homines,

73 1633 239 1679 notitia
269 1634 378 1686 Dei,
425 1631 516 1689 sed,
557 1633 679 1698 quod
705 1648 827 1679 nunc
852 1629 936 1689 est,
971 1631 1230 1692 Theologia
1257 1629 1313 1677 de
1342 1629 1478 1678 coelo

31 1699 40 1712 ²
75 1697 268 1765 delapsa,
330 1709 378 1747 et
416 1700 501 1747 hac
532 1700 622 1765 ipsa
649 1701 825 1762 origine
873 1699 946 1746 sua
978 1700 1120 1746 carior
1143 1710 1189 1745 et
1228 1697 1478 1745 amabilior.

74 1771 230 1833 Atque
246 1766 462 1815 simillima
481 1765 544 1816 est
559 1769 671 1816 ratio
692 1765 958 1816 officiorum.
1037 1769 1079 1813 Si
1098 1766 1220 1814 nulla
1250 1764 1478 1813 neceffitas

74 1833 406 1884 arbitrarier-um
425 1833 676 1884 officiorum
695 1835 952 1885 nascebatur
967 1852 1021 1882 ex
1049 1835 1289 1882 hominum
1318 1845 1478 1881 natura

77 1914 127 1949 et
144 1901 424 1958 conditione,
454 1903 579 1966 quod
597 1917 746 1951 tamen
769 1905 910 1969 ipsum
932 1905 1004 1950 vix
1024 1902 1211 1949 concedi
1227 1900 1373 1967 potest
1395 1918 1478 1967 per-

78 1985 142 2024 en,
167 1987 282 2034 quae
299 1982 402 2017 ante
421 1969 535 2018 dista
556 1971 668 2027 sunt,
688 1973 749 2035 (§.
775 1975 875 2032 25.)
911 1981 956 2018 at
972 1971 1132 2018 vtilitas
1154 1988 1312 2018 eorum
1332 1967 1479 2018 osten·

79 2032 264 2086 debatur
285 2054 549 2102 permagna,
580 2039 644 2102 (§.
668 2045 746 2099 7.)
780 2038 1032 2102 praesertim
1063 2041 1108 2085 in
1138 2039 1211 2085 illa
1238 2041 1328 2086 vita
1359 2049 1478 2084 tran-

78 2103 216 2167 quilla
233 2115 281 2150 et
298 2104 454 2158 otiosa,
489 2121 602 2169 quae
621 2116 717 2152 tota
734 2107 942 2168 religioni
969 2119 1017 2153 et
1033 2109 1184 2170 pietati
1205 2105 1478 2152 exercendae

0 2229 1 2232 Ἰ
77 2181 275 2218 vacaret:
323 2183 369 2220 at
393 2175 495 2219 Deo
529 2189 798 2237 quacunque
828 2174 884 2221 de
913 2171 1052 2221 caussa
1082 2174 1258 2238 placere
1289 2182 1481 2235 poterat,

77 2236 325 2288 necessariis
346 2237 503 2286 officiis
519 2240 656 2288 libera
674 2239 937 2302 adiungere:
972 2253 1016 2289 at
1034 2242 1207 2288 homini
1227 2239 1480 2305 ipfi‘iucum

0 2323 1 2328 ¹
79 2304 189 2354 dum
207 2305 410 2356 futurum
428 2317 546 2364 erat,
586 2325 720 2374 quam
747 2310 950 2373 plurimis
977 2307 1112 2356 rebus
1131 2312 1232 2355 Deo
1262 2312 1479 2374 pietatem

79 2373 275 2440 probare
297 2373 433 2442 posse.

182 2459 260 2505 29.
328 2447 442 2491 Non
468 2439 654 2490 eandem
680 2440 767 2489 effe
795 2445 1000 2505 gentium
1034 2443 1241 2490 omnium
1265 2441 1481 2498 indolem,

40 2572 48 2576 ἢ
84 2525 273 2573 eamque
301 2511 430 2558 coelo
459 2528 511 2557 ac
538 2510 798 2571 regionibus
828 2522 1070 2566 terrarum,
1110 2510 1480 2576 temporibusque

81 2578 374 2626 vehementer
391 2579 542 2625 variari
553 2615 565 2635 ‚
606 2594 742 2624 nemo
758 2595 909 2626 rorum
926 2579 1222 2626 humanarum
1241 2596 1333 2627 non
1357 2579 1482 2626 rudis

83 2645 273 2706 ignorat,
348 2645 481 2697 Vnde
498 2645 567 2706 fit,
597 2655 665 2705 vt,
691 2643 797 2697 ficut
816 2663 1007 2717 corpora
1028 2646 1223 2698 hnmana
1247 2649 1338 2695 aliis
1357 2647 1484 2700 locis,

1307 2728 1483 2779 tempo-
