1682 3068
219 168 313 222 172
521 174 815 204 vmnxcxass.
843 173 1094 204 annu-1211
1133 173 1318 204 mvmr.

213 280 381 329 arbitrii
401 277 538 327 diuini
564 279 610 326 in
638 274 856 341 religione
877 277 1135 326 hominibus
1156 273 1459 342 *constituenda
1486 275 1617 327 liber·

213 360 353 396 tatem
367 383 378 402 ,
413 347 537 411 quod
559 345 650 394 {ine
668 347 837 394 summa
859 349 1088 411 impietate
1108 345 1205 394 fieri
1226 363 1319 393 non
1338 345 1507 411 potest,
1545 347 1620 395 sed

213 418 350 463 etiam
370 416 742 480 repudiant-eam,
777 432 887 477 quae
907 414 1120 461 diuinitus
1146 413 1291 462 oblata
1314 413 1396 472 est,
1426 415 1621 472 salutem,

213 495 350 547 atque
370 485 452 537 ita,
495 481 604 530 dum
629 482 864 548 sapientiae
899 482 1076 530 laudem
1097 493 1335 547 quaerunt,
1357 539 1362 541 .
1376 484 1620 547 perniciem

214 562 468 608 inueniunt.
1681 597 1682 604 ἵ

313 635 354 666 2.
390 625 540 679 Atque
561 634 612 663 ex
632 634 686 665 eo
716 633 906 664 numero
930 617 1034 664 sunt
1054 619 1260 683 inprimis
1281 616 1372 663 duo
1392 617 1618 681 capitaleS,
1680 610 1682 661 ἶ

214 704 328 738 vnus
363 687 594 750 Tindalius,
647 688 727 748 qui
759 686 1074 745 Euangelium,
1116 685 1241 750 quod
1276 701 1357 732 nos
1390 701 1618 740 vocamus,

215 772 321 802 cum
344 754 518 814 origine
544 767 692 799 rerum
723 756 925 800 omnium
955 752 1242 817 adaequando
1273 750 1461 798 sustulit:
1506 752 1620 799 alter

213 824 292 871 ille
313 822 540 881 religionis
564 817 818 867 necessariae
850 821 1122 883 (ffntialem
1151 821 1241 885 ipse
1267 826 1424 876 vocat)
1456 812 1621 884 praeco

215 902 263 937 et
282 900 603 954 propugnator,
617 891 692 951 qui
710 889 976 948 religionem
995 887 1047 933 ad
1067 899 1248 936 naturae
1269 886 1443 934 diuinae
1465 888 1620 935 huma·

212 973 385 1021 naeque
405 955 702 1003 neceffitatem
721 955 998 1012 reuocando,
1040 967 1088 1001 et
1107 958 1232 1002 vni‘us
1257 956 1463 1018 principii
1483 971 1619 1015 angu-

211 1023 300 1072 stiis
320 1022 596 1078 coercendo,
627 1034 776 1086 toturn
798 1021 1176 1070 Christianismum
1197 1040 1222 1068 e
1242 1022 1458 1082 religione
1475 1038 1621 1069 remn-

212 1094 303 1141 vit:
344 1108 535 1156 quorum
556 1094 654 1137 noti
677 1089 887 1138 omnibus
909 1091 1008 1154 sunt
1028 1088 1136 1137 libri.
1228 1093 1404 1136 *Contr'a
1423 1089 1506 1140 hos
1542 1086 1621 1136 etsi

209 1161 354 1208 multa
383 1159 484 1205 su'nt
515 1176 539 1205 a
571 1159 726 1205 multis
768 1158 945 1223 scripta,
990 1160 1251 1222 neutiquam
1288 1155 1621 1210 contemnenda

211 1228 306 1275 illa:
339 1238 493 1274 tamen
516 1227 721 1273 nondum
746 1226 875 1273 nobis
896 1224 1070 1272 videtur
1092 1226 1192 1272 satis
1210 1234 1531 1290 perpurgatus,
1566 1222 1621 1289 ad

211 1295 528 1360 liquidumque
550 1293 790 1357 perdufiius
809 1298 856 1341 in
879 1294 950 1339 illa
970 1292 1269 1356 disputatione
1295 1293 1421 1339 loeus
1439 1292 1502 1350 is,
1542 1290 1623 1355 qui

214 1361 287 1424 estk
309 1362 363 1408 de
404 1363 588 1408 arbitrio
622 1361 774 1408 diuino
804 1363 852 1407 in
877 1361 1096 1421 religione
1130 1360 1389 1407 hominibus
1417 1356 1622 1423 praescri-v

211 1429 375 1478 benda.
455 1434 577 1476 Nam
596 1430 669 1476 ille
688 1428 798 1494 ipse,
835 1430 913 1493 qui
943 1427 1184 1476 acutiffime
1212 1439 1369 1475 contra
1394 1428 1623 1475 Dndalium

214 1496 448 1561 disputafl‘e
468 1494 754 1552 existimatur,
801 1496 1020 1559 Fosterus,
1065 1498 1190 1544 cuius
1219 1495 1491 1542 etiam‘liber
1508 1497 1622 1541 Tin-

215 1565 375 1613 daliani
397 1567 545 1631 operis
573 1565 851 1627 germanicae
870 1562 1076 1619 versioni,
1121 1564 1259 1610 veluti
1286 1561 1621 1619 antidoti'loco,

211 1631 435 1681 subiestus
463 1631 543 1688 est,
590 1630 668 1679 etfi
699 1633 879 1692 attingit
908 1630 1023 1677 illam
1054 1629 1419 1694 disputationem,
1468 1639 1621 1676 tamen

209 1701 340 1748 nullo
362 1700 500 1747 modo
522 1709 724 1745 accurate
744 1695 1027 1762 perfeEieque
1054 1695 1223 1744 trassat.
1301 1699 1482 1744 Etenim
1511 1698 1623 1745 ritus¹

211 1778 390 1816 tantum
414 1764 719 1831 amplestitur‚
765 1766 968 1825 dogmata
997 1765 1175 1828 prorsus
1194 1766 1425 1831 relinquit,
1462 1764 1621 1812 refert-

209 1852 305 1901 que
327 1837 475 1882 omnia
496 1833 549 1880 ad
570 1836 803 1889 virtutem,
832 1833 941 1879 nihil
962 1832 1013 1879 ad
1034 1833 1329 1895 placationem
1349 1835 1437 1880 Dei
1460 1828 1619 1879 offensi

209 1914 347 1968 'atque
365 1902 522 1958 fidem,
555 1901 652 1948 satis
672 1901 839 1948 habens
861 1898 1109 1955 ostendere,
1141 1899 1264 1964 poss'e
1284 1900 1496 1964 quaedam
1511 1900 1621 1946 salu-

212 1969 354 2018 hriter
375 1972 423 2018 in
446 1971 664 2030 religione
681 1966 900 2024 constitui,
923 1986 1035 2031 quae
1053 1970 1264 2015 virtutem
1286 1968 1621 2023 commendent,

212 2037 270 2087 ad
288 2056 476 2103 eamque
505 2037 744 2091 adducant,
786 2035 976 2099 denique
1003 2036 1107 2082 vitia
1136 2046 1396 2093 coerceant:
1449 2038 1496 2083 in
1529 2050 1621 2099 quo

203 2105 307 2154 'erat
327 2109 393 2153 rei
413 2106 607 2162 summa,
650 2122 706 2151 an
735 2106 780 2151 in
809 2106 978 2150 ratione
1010 2104 1158 2150 salutis
1190 2104 1481 2152 ‹st-felicitatis
1510 2117 1619 2149 con-⁴

209 2170 469 2240 sequendae
483 2170 816 2238 praescribenda
845 2170 1007 2236 aliquid
1037 2170 1351 2224 liberumrDeo
1378 2170 1461 2217 effe
1489 2167 1619 2235 poffit

212 2252 262 2289 et
282 2242 585 2296 arbitrarium,
623 2242 840 2303 liceatque
860 2243 960 2286 Deo
981 2238 1144 2304 aliquid
1165 2257 1188 2286 a
1206 2238 1387 2287 naturali
1406 2248 1452 2284 et
1468 2235 1616 2284 necesss

211 2309 321 2357 saria*
337 2310 557 2370 religione
575 2308 796 2355 diuersum
818 2305 1101 2364 constituere,
1137 2305 1183 2353 id
1203 2323 1262 2354 ne
1281 2308 1502 2367 attingere
1522 2305 1619 2368 qui⁴

214 2376 319 2425 dem
343 2377 566 2438 dignatur.
635 2377 875 2422 Enimuero
899 2386 944 2421 et
963 2376 1050 2421 loci
1070 2375 1185 2422 illius
1205 2371 1415 2429 vniuerfi,
1447 2374 1496 2418 'et
1513 2387 1616 2436 par-

211 2447 271 2491 tis
294 2447 483 2491 maxime
504 2445 635 2490 huius
655 2454 776 2490 tanta
796 2440 858 2488 est
875 2444 920 2488 in
944 2444 1069 2489 omni
1089 2442 1383 2506 disputatione
1403 2456 1506 2486 cum
1526 2437 1617 2484 istis

211 2511 478 2559 hominibus
499 2527 753 2576 eorumque
771 2508 978 2557 similibus
999 2512 1083 2568 vis,
1125 2520 1173 2556 vt
1192 2511 1243 2557 iis
1263 2510 1376 2556 bene
1395 2504 1616 2555 accurate?

211 2595 306 2641 que
327 2580 574 2643 explicatis,
617 2581 765 2626 omnis
798 2579 967 2642 reliqua
995 2579 1229 2643 disputatio
1252 2576 1394 2623 facilis
1414 2575 1464 2622 {it
1482 2584 1615 2641 atque

214 2643 429 2715 expedita.
462 2649 631 2714 *Quam
652 2645 712 2695 ob
731 2663 826 2694 rem
850 2662 1011 2713 operae
1029 2647 1223 2713 pretium
1241 2644 1325 2692 nos'
1343 2643 1614 2710 sperauimus

1475 2705 1611 2757 fastu·
