1682 3068
191 165 255 216 62
777 182 1010 214 Aua-1

194 285 285 349 nai,
326 289 368 334 in
390 287 492 333 loco
517 287 670 350 Iustina·
687 286 791 351 plus
810 303 941 351 quam
958 284 1287 333 similitudinem
1308 281 1591 350 qualemcun-
1668 282 1671 283 ⁷

194 373 304 420 que,
348 353 419 400 sed
445 354 753 416 aequalitatem
783 351 1056 417 exprimere?
1124 357 1273 407 Hinc,
1317 363 1365 401 vt
1392 353 1593 408 arbitror,
1655 363 1663 371 ’“

193 420 316 483 quod
346 418 450 466 inde
477 419 531 468 ab
560 421 709 484 Itgstim’
737 433 900 475 aetate,
948 432 1164 484 perpetua
1193 420 1319 475 serie,
1371 418 1593 469 DoRores
1658 443 1662 446 ⁴

195 487 431 542 Ecclesiae,
459 487 507 535 vid
530 487 651 552 quod
670 488 766 536 satis
790 486 982 543 constat,
1013 505 1065 534 ex
1091 490 1395 535 incarnatione
1422 486 1593 544 Christi,

194 568 398 604 naturam
425 553 741 613 Eucharistiae,
782 568 829 602 et
861 569 1019 602 contra
1048 572 1099 601 ex
1121 556 1205 601 hac
1233 567 1433 602 naturam
1454 557 1593 602 incar·
1655 575 1657 579 ⁴

194 625 387 672 nationis
406 622 695 686 explicarunt.
741 621 870 669 Vnde
887 621 1120 670 necefl'ario
1143 619 1344 679 efficitur,
1364 634 1424 678 vt,
1443 639 1594 687 quem·

194 689 436 739 admodum
457 691 502 736 in
523 688 758 754 posteriori
777 692 959 745 ratione,
981 693 1209 737 veritatem
1225 694 1424 754 corporis
1435 688 1593 738 Christi
1654 685 1663 738 ἶ.

193 754 491 824 adspestabilis
512 775 562 804 ex
579 761 764 804 veritate
783 756 1080 822 adspestabilis
1099 760 1144 805 in
1168 755 1433 803 Eucharistia
1455 759 1595 821 paniS,
1659 765 1661 767 ’

193 825 253 875 fic
278 844 303 872 e
331 827 517 872 veritate
542 824 763 872 inuisibilis
793 825 1031 872 diuinitatis
1062 826 1110 872 in
1137 823 1292 871 visibili
1322 827 1595 872 humanitate

192 891 371 946 Christi,
417 896 647 940 veritatem
667 895 804 940 carnis
831 905 878 940 et
900 892 1121 954 sanguinis
1141 890 1302 939 Christi
1319 894 1364 939 in
1384 894 1591 940 Euchari-

193 960 270 1010 stia
288 961 512 1008 voluerint
522 961 732 1022 intelligi.
810 964 923 1007 Non
949 977 1063 1023 opus
1083 957 1168 1006 effe
1184 959 1373 1006 arbitror
1391 974 1480 1006 tam
1502 962 1594 1006 eui·

193 1028 320 1076 denti
341 1029 467 1083 loco,
509 1039 596 1075 tam
617 1030 826 1092 antiquo,
866 1029 924 1074 ita
944 1028 1159 1092 explicato
1182 1039 1228 1073 et
1248 1025 1483 1082 illustrato,
1513 1028 1593 1075 alia
1680 1029 1682 1070 5

191 1094 446 1163 posterioris
467 1097 633 1151 aetatis,
670 1112 779 1159 quae
798 1106 966 1143 tantam
988 1092 1303 1142 auE‘toritatem
1327 1111 1419 1142 non
1443 1093 1591 1150 habet,

191 1163 364 1212 addere.
433 1162 653 1211 Posterior
675 1174 788 1210 aetas
810 1163 865 1209 de
883 1164 1063 1210 veritate
1082 1165 1282 1225 eorporis
1307 1174 1353 1209 et
1370 1161 1592 1223 sanguinis

193 1229 354 1279 Christi
373 1233 429 1278 ita
449 1231 674 1296 loquitur,
697 1242 745 1277 vt
765 1240 987 1294 appareat,
1011 1231 1273 1293 opinionem
1292 1231 1418 1283 hanc,
1447 1228 1477 1275 fi
1496 1245 1592 1277 non

190 1299 412 1354 omnium,
438 1309 482 1344 at
500 1299 748 1345 multorum
769 1297 903 1352 fuisse,
932 1308 980 1343 vt
1001 1294 1160 1344 Christi
1179 1313 1344 1360 corpus
1361 1307 1410 1344 et
1428 1298 1592 1358 sangui-

191 1384 295 1415 nem
317 1363 460 1412 statim
479 1365 655 1427 adiungi
675 1365 777 1428 pani
798 1376 845 1411 et
865 1367 969 1411 vino
990 1374 1219 1429 putarent,
1251 1363 1322 1410 vbi
1342 1361 1594 1426 ἁγιασμδς,
1644 1374 1645 1377 ’

192 1433 283 1482 fiue
304 1433 595 1488 consecratio,
638 1449 720 1498 per
740 1431 1008 1480 sacerdotem
1028 1442 1131 1477 ante
1157 1432 1363 1482 κοινωνίαν
1387 1429 1499 1479 fasta
1516 1429 1591 1492 δίς

193 1501 312 1549 vnde
332 1497 624 1560 ἀπίκετο-θοις,
669 1504 803 1547 iacere
823 1516 988 1564 corpus
1011 1496 1168 1545 Christi
1188 1501 1232 1544 in
1252 1500 1396 1554 altari,
1437 1497 1592 1546 dicunt
1647 1525 1648 1528 =

191 1569 467 1633 frequenter.
567 1572 610 1614 Is
640 1585 766 1614 error
793 1565 911 1614 abest
941 1565 993 1612 ab
1014 1564 1163 1622 nobis,
1202 1567 1279 1627 qui
1310 1568 1592 1630 incorruptae
1651 1610 1654 1617 Δ

191 1636 463 1700 antiquitatis
487 1633 762 1698 disciplinam
791 1633 1116 1681 conseruamus.
1194 1634 1300 1679 Eius
1325 1643 1470 1680 autem
1491 1634 1592 1680 nul·-

192 1705 289 1751 lum
311 1701 372 1749 est
390 1699 620 1763 vestigium
642 1704 686 1749 in
707 1701 854 1764 Iustina*
875 1700 1043 1748 verbis:
1082 1702 1221 1747 immo
1251 1712 1407 1747 contra
1427 1699 1490 1747 est
1516 1701 1591 1748 hic
1643 1737 1648 1746 .

191 1772 332 1819 locus.
402 1771 501 1818 Non
520 1779 568 1817 vt
586 1772 802 1834 vulgarem
813 1787 965 1832 panem
985 1765 1290 1830 λαμβάνομεν,
1325 1771 1492 1826 edimus,
1511 1769 1595 1832 fid
1647 1806 1654 1820 ,γ

193 1856 284 1886 eum
312 1837 388 1902 ff
410 1848 612 1903 putamus
640 1839 800 1899 Corpus
830 1836 986 1900 Christi
1011 1834 1223 1899 quando?
1273 1840 1458 1899 Nempe
1487 1846 1591 1884 cum
1641 1854 1644 1859 ·

191 1904 377 1953 edimus.
453 1907 631 1952 Etenim
661 1902 748 1951 istis
780 1901 1093 1969 posterioribus
1111 1902 1252 1950 verbis
1282 1901 1465 1967 possunt
1494 1903 1592 1950 sub·
1636 1919 1639 1921 ·

191 1972 311 2020 stitui
341 1973 470 2030 haec,
504 1973 587 2036 fid
611 1981 660 2020 vt
687 1989 832 2033 corpus
863 1970 1017 2029 Christi
1044 1967 1362 2033 λαμβάνομεν,
1416 1973 1592 2018 edimus:

191 2039 317 2105 quod
340 2057 501 2096 nemo,
542 2042 619 2103 qui
645 2039 808 2104 aliquid
836 2042 881 2084 in
907 2037 1242 2102 interpretando
1265 2036 1403 2089 videt,
1442 2034 1595 2101 potest‘

193 2107 405 2155 dubitare.
478 2108 523 2154 Si
549 2110 644 2172 quis
664 2105 916 2172 posterioris
934 2108 1083 2152 aetatis
1102 2106 1253 2152 locum
1274 2103 1503 2158 desiderat,
1548 2107 1590 2151 ei

193 2173 510 2223 commendem
548 2173 680 2223 verba
720 2192 771 2221 ex
805 2173 1035 2239 Anastasti,
1094 2175 1187 2219 Sec.
1226 2174 1302 2220 VI.
1341 2173 1591 2236 scriptoris,

193 2238 335 2306 ὁδηγῷ
366 2248 420 2303 (c.
442 2249 535 2305 23.)
569 2244 645 2306 qui
664 2240 726 2287 est
743 2244 803 2288 ita
823 2241 1028 2295 euidenS,
1056 2250 1103 2287 vt
1121 2240 1345 2293 Lutherus,
1378 2251 1455 2285 aut
1474 2241 1590 2302 quis-

191 2328 325 2375 quam
349 2307 601 2362 nossrorum
632 2326 724 2356 non
755 2309 928 2372 planius
957 2325 1054 2354 rem
1087 2310 1331 2370 exprimere
1366 2308 1588 2370 potuer-itt

193 2380 361 2443 quippe
383 2389 428 2424 et
445 2376 571 2444 ἅςτον
591 2374 723 2441 ψιλὸν
745 2374 829 2423 esse
851 2386 984 2437 negat
1005 2375 1270 2440 Anastqfius,
1292 2374 1427 2437 qualis
1447 2374 1586 2433 vulgo
1628 2419 1629 2423 ,

190 2445 420 2501 vendatur,
438 2457 484 2491 et
505 2444 735 2493 ἀντίτυπον
753 2443 808 2496 r}
828 2446 1035 2507 σώματος
1053 2442 1197 2506 Kese-3,
1217 2440 1387 2502 signum
1412 2456 1587 2488 merum
1638 2470 1645 2506 3

191 2524 239 2559 et
268 2510 455 2572 figuram
484 2516 684 2576 corporis
705 2509 883 2565 Christi,
927 2511 1067 2575 qualis
1098 2509 1231 2555 fuerit
1259 2510 1304 2554 in
1324 2506 1588 2554 Iudaeorum
1631 2510 1647 2563 ,ξ’

191 2576 374 2626 viffimis
395 2588 480 2626 cet.
571 2579 654 2626 Sed
677 2596 769 2626 non
797 2581 959 2639 ignoro
989 2578 1308 2624 cauillationem
1341 2570 1586 2621 diffentien-
1660 2606 1682 2643 Ξ

132 2655 140 2662 ⁴⁷
191 2649 332 2704 tium,
366 2647 462 2709 qui,
499 2646 1097 2711 cumhicinterpretatiojn
1116 2642 1230 2690 suam
1248 2654 1418 2708 partem
1440 2644 1588 2689 omnia
1634 2638 1662 2675 J,

1463 2724 1585 2774 prae·
