1682 3068
219 166 318 228 49‘8
493 181 555 210 mr
594 177 875 211 avana-xa
913 181 1331 213 :cerasus-rica

221 285 271 334 di
293 273 457 333 asiosue
475 284 551 332 fibi
577 284 868 351 impetranda.
935 287 1006 334 Sic
1038 286 1265 352 quondam
1285 286 1500 337 Praesides
1521 308 1622 354 pro·

221 356 467 400 vinciarum
499 357 798 416 Romanarum
836 356 932 401 auri
958 354 1120 402 Iudaici
1148 354 1500 420 exportationem
1530 374 1625 406 non

220 422 431 475 tulerant,
465 430 513 467 vt
533 425 576 467 in
603 420 703 468 Asia
726 423 907 469 Flaccus
924 423 1042 487 apud
1064 424 1327 469 Ciceronem
1349 433 1396 470 et
1414 424 1499 478 alii,
1527 423 1628 489 post

217 488 450 543 'Caesare-33
484 487 557 534 sed
585 499 634 535 vt
660 489 713 536 ad
740 491 950 536 aerarium
971 490 1184 545 Ciuitatis,
1220 490 1290 536 sed
1319 501 1366 538 vt
1393 490 1447 538 ad
1472 491 1625 540 fiscum

222 555 414 605 Caesaris
446 558 636 606 veniret.
707 558 931 604 Lutherus
960 569 1108 604 autem
1131 573 1228 604 eam
1247 559 1489 618 auaritiam<
1520 575 1626 608 cum

224 624 437 672 omnibus
461 627 522 669 rei
554 624 776 671 vniuersae
795 625 924 678 vitiis,
958 642 1065 671 vero
1089 635 1136 671 et
1167 627 1342 685 integro
1371 628 1521 674 animo
1544 644 1625 692 op-

223 708 429 757 pugnare
464 688 725 749 instituerat,
756 693 867 739 nihil
895 701 972 738 aut
1003 693 1065 739 sui
1095 694 1313 757 priuatim,
1345 704 1420 740 aut
1441 694 1627 742 Ordinis

223 760 287 807 sui
308 759 612 806 communiter
639 758 857 823 spestans,
890 759 999 806 nihil
1028 760 1218 824 denique
1243 761 1445 818 humani,
1472 764 1627 817 omnia

224 826 386 880 diuina,
421 838 466 873 et
496 844 598 874 cum
624 828 804 874 veritate
832 823 1055 874 doarinae
1084 829 1394 888 Euangelicae,
1429 845 1627 894 cumque

227 894 365 942 salute
384 897 626 941 animarum
660 895 952 941 humanarum
974 892 1231 948 coniunsta3
1270 894 1405 959 idque
1435 898 1628 961 loquun-

226 972 302 1010 tur
325 961 496 1009 nobiles
519 962 615 1008 illae
632 961 816 1018 Theses‚
837 959 996 1025 quibus
1015 962 1322 1026 proponendis
1342 963 1511 1010 bellum
1532 981 1630 1011 aua·

227 1033 351 1079 ritiae
370 1040 414 1075 et
434 1027 726 1089 superstitioni
747 1028 971 1076 vniuersae
993 1027 1287 1092 denunciavit.
1353 1035 1519 1095 Neque
1538 1031 1629 1078 hoc

227 1108 368 1145 vnum
399 1095 577 1157 agebat,
611 1106 659 1143 vt
679 1097 909 1160 plerisque
936 1095 1135 1143 videmus
1165 1097 1360 1160 placere,
1395 1098 1474 1145 ‘sed
1501 1098 1628 1162 plura

228 1167 360 1212 etiam
381 1176 427 1210 et
449 1167 615 1210 maiora
633 1163 830 1227 petebat,
851 1162 1072 1210 summamv
1085 1163 1628 1228 vniuersamrei'postmo-

229 1229 339 1279 dum
369 1229 512 1287 ntiae,
550 1233 576 1277 i.
597 1247 632 1276 e.
663 1230 889 1277 vniuersae
914 1231 1159 1294 tyrannidis
1185 1234 1410 1279 Romanae
1437 1229 1627 1281 euerfio·

225 1317 336 1348 nem
354 1311 401 1346 et
421 1296 647 1346 desti-inae
665 1297 1008 1363 disciplinaeque
1038 1298 1242 1363 publicae
1271 1298 1630 1348 emendationem

227 1368 490 1415 vniuevsam.
561 1370 683 1413 Nam
704 1376 751 1413 et
768 1383 838 1413 res
860 1367 962 1431 ipsa,
992 1383 1103 1429 quae
1127 1365 1483 1431 impugnabatur,'
1497 1366 1629 1414 habe-

226 1434 307 1482 bat
327 1450 532 1495 magnam
551 1450 655 1480 cum
677 1430 885 1480 vniuersis
907 1433 1125 1481 Ecclesiae
1142 1437 1368 1481 Romanae
1387 1435 1631 1482 rationibus

232 1504 578 1567 copulationem,
607 1511 652 1547 et
672 1500 775 1565 ipse,
807 1502 896 1548 hoc
924 1501 968 1547 se
998 1499 1131 1561 egisse
1158 1503 1308 1549 animo
1338 1511 1386 1548 et
1413 1499 1629 1567 spestass‘e,

231 1572 278 1617 in
312 1568 502 1635 epistolis
530 1567 584 1614 ad
602 1570 876 1633 Spalatinum
906 1566 1159 1634 profitetur.
1226 1571 1334 1625 Quo
1360 1570 1501 1629 magis
1527 1572 1628 1616 Deo

231 1640 315 1685 viri
342 1649 388 1685 et
420 1635 648 1684 consilium
679 1647 724 1683 et
751 1649 937 1683 conatus
964 1637 1143 1699 placuit,
1177 1637 1253 1700 qui
1272 1634 1629 1700 prosettoetiam

234 1708 277 1752 ei
304 1715 349 1752 et
377 1707 490 1752 hanc
517 1714 718 1751 mentem
737 1705 956 1759 iniecerat,
993 1713 1039 1749 et
1058 1704 1173 1749 hanc
1191 1704 1326 1749 animi
1348 1705 1435 1749 vim
1456 1703 1629 1768 inspira-

235 1783 368 1825 verat,
398 1783 446 1819 vt
471 1783 646 1818 tantum
676 1787 789 1831 onus
820 1781 866 1816 et
894 1765 1107 1833 suscipere
1135 1769 1320 1830 gestiret,
1349 1780 1394 1816 et
1413 1768 1468 1816 ad
1487 1782 1627 1817 extre·

234 1856 361 1889 mum
393 1855 533 1902 vsque
566 1836 803 1885 sustineret.
871 1840 1027 1900 Itaque
1055 1854 1124 1883 res
1153 1836 1308 1884 habuit
1335 1837 1460 1884 illum
1488 1854 1626 1884 euen-

232 1917 345 1960 tum,
373 1923 509 1971 quem
526 1903 829 1960 admirabundi
845 1904 992 1952 videre
1011 1907 1214 1962 maiores,
1233 1906 1352 1950 cuius
1368 1906 1630 1951 memoriam

234 1991 318 2022 nos
348 1972 646 2035 frustumque,
679 1971 708 2018 si
740 1971 919 2035 quidem
939 1970 1233 2032 gratisumus,
1263 1981 1309 2018 et
1325 1969 1523 2043 beffificii
1538 1988 1627 2019 ma·

233 2042 515 2104 gnitudinem
540 2057 697 2105 capere
715 2037 957 2104 possumus,
985 2039 1089 2086 laeti
1108 2038 1394 2090 celebramus.

334 2174 624 2231 Arbitramur,
658 2191 750 2222 non
779 2175 974 2223 alienum
997 2177 1080 2222 nos
1111 2171 1303 2222 faauros
1334 2173 1499 2221 abhoc
1518 2174 1625 2220 ceri·
1680 2181 1682 2220 ἐ

234 2245 413 2290 moniae
443 2241 652 2290 crastinae
681 2241 905 2306 praefandi
931 2239 1107 2299 officio,
1141 2253 1186 2288 et
1210 2242 1264 2292 ab
1293 2241 1425 2296 illius,
1458 2240 1512 2287 de
1540 2257 1627 2305 qua
1659 2237 1682 2282 Ϊ

235 2310 433 2366 diximus,
468 2313 531 2356 rei
550 2311 775 2366 memoria,
804 2308 835 2356 fi
858 2308 964 2374 quid
993 2309 1049 2363 de
1063 2307 1262 2356 vniuersa
1276 2310 1468 2364 auaritia,
1499 2318 1547 2355 vt
1565 2310 1626 2354 ita

235 2378 442 2432 dicamus,
480 2375 768 2431 ecclesiastica,
789 2377 909 2423 cuius
934 2388 1030 2423 tum
1051 2388 1219 2440 partem
1237 2378 1367 2440 petiit
1389 2375 1623 2429 Humerus,

226 2461 366 2508 pauca
388 2441 649 2492 disseramus.
714 2450 818 2490 Nec
839 2444 1050 2492 abhorret
1067 2461 1116 2491 ea
1132 2443 1371 2507 disputatio
1392 2461 1415 2489 a
1434 2441 1628 2507 praesen-

229 2512 286 2556 tis
307 2513 521 2576 temporis
543 2510 804 2566 rationibus,
838 2511 1006 2574 quibus,
1033 2513 1080 2556 in
1100 2511 1189 2574 ipsa
1209 2507 1401 2557 Ecclesia
1418 2508 1624 2564 Romana,

229 2578 381 2625 multis
410 2579 625 2645 partibus,
656 2578 912 2645 praesertim
943 2581 987 2625 in
1017 2580 1213 2634 Francia,
1248 2580 1296 2625 in
1322 2578 1524 2625 omniurn
1546 2591 1623 2621 ore

1551 2639 1622 2698 est,
