1682 3068
61 152 68 159 ι

436 186 1077 223 ΜνιιΑπ-οκῐνε
1384 176 1450 231 89

22 281 173 370 spanis
194 310 241 347 et
260 299 350 347 vini
371 295 612 354 oblatione,
644 309 747 341 cum
768 291 969 342 laudibus
988 291 1148 340 diuinis
1167 301 1217 340 et
1233 291 1450 358 supplica·

22 367 23 370 ’
48 367 256 424 tionibus,
278 364 398 430 quod
414 368 461 412 in
482 363 692 423 Liturgiis
712 362 855 407 latinis
874 361 1208 424 frequentatur:
1239 362 1447 410 incruen-

45 450 144 484 tum
166 434 420 485 sacrificium
442 432 641 494 eorporis
661 439 709 476 et
729 429 950 489 sanguinis
974 427 1156 484 Christi,
1191 430 1314 482 cuius
1336 430 1447 476 haec

46 506 113 551 vis
141 501 215 559 fit,
260 497 534 551 vectu-istus
565 516 590 545 a
618 495 843 545 sacerdote
871 497 1148 552 immoletur,
1194 513 1279 543 nec
1308 513 1447 559 agno-

47 571 198 628 scunt,
230 580 280 617 vt
297 569 482 632 opinor,
509 583 596 613 nec
620 564 836 630 probant:
874 563 1018 629 quod,
1054 580 1159 610 cum
1181 565 1332 613 multis
1352 565 1447 615 aliis

46 635 410 695 ,rebuasdiseere
436 631 649 699 potuiffet
678 650 731 679 ex
764 649 842 685 e0,
890 641 1047 679 contra
1077 648 1211 695 quem
1244 631 1448 696 disputat,

47 710 161 756 Ven-
182 703 328 767 Pfqffii
346 702 484 760 libro,
521 699 552 748 fi
573 697 886 763 eumlegiss‘et..
954 703 1238 763 Quamquam
1276 717 1334 746 ne
1363 700 1449 756 hae

46 772 243 828 lestione
258 771 441 834 quidem
462 786 575 835 opu<
593 782 698 817 erat.
800 768 980 815 Clarum
998 769 1119 815 enim
1141 765 1222 822 est,
1269 768 1450 816 nullum

47 839 167 894 §liud
193 857 217 886 a
246 841 410 888 Grebia
437 835 695 887 sacrificium
720 835 936 900 intelligi,
983 853 1115 900 quam
1148 835 1202 881 de
1228 852 1320 898 quo
1350 841 1447 883 Ire-

44 903 174 969 μὲω
192 905 330 953 dieat:
365 905 490 970 quod
510 906 638 970 quale
659 904 731 964 fit,
762 904 807 951 h.
825 921 865 952 e.
885 921 1018 967 quam
1041 903 1286 969 discrepans
1308 903 1360 950 ab
1376 921 1445 961 eo,

26 974 167 1041 ¹quod
186 972 383 1028 defendit
397 977 691 1032 Muratorius,
733 983 839 1022 aute
864 969 1213 1019 demonstratum
1235 969 1309 1017 est.

47 1072 55 1152 Ῐ
114 1112 201 1166 iv.
237 1084 548 1165 Adorationeni
565 1109 862 1180 Euhanstiae
881 1070 1241 1176 Liturgiarumit
1262 1109 1448 1164 Patrem

122 1223 128 1230 -
190 1188 311 1239 Eccl.
329 1187 582 1246 auffoeitate
599 1206 684 1238 non
696 1187 898 1259 firmari.

139 1306 257 1355 Tam
278 1302 503 1351 m'anifesta
531 1302 594 1350 est
621 1306 796 1353 nouitas
815 1300 1102 1352 Adorationis
1122 1300 1448 1352 Eucharisticae

43 1374 93 1420 in
114 1369 302 1422 Ecclefia
322 1373 541 1426 Romana,
581 1382 629 1419 vt
646 1372 870 1437 praeclare
889 1370 951 1418 est
978 1390 1001 1419 a
1026 1391 1110 1428 τι,
1155 1376 1251 1420 vin
1290 1391 1452 1419 VENE-

45 1458 250 1497 ιιΑισυι,
285 1436 654 1494 demonstratum,
685 1437 739 1486 ab
760 1438 955 1487 instituta
972 1441 1097 1506 panis
1120 1450 1165 1486 et
1182 1440 1326 1486 calicis
1350 1436 1454 1503 post.

45 1507 386 1562 consecrationis
422 1506 662 1554 formulam
693 1507 970 1564 eleuatione,
1029 1507 1155 1554 cuius
1197 1508 1449 1554 nouitatem

42 1573 244 1635 agnoscit
261 1574 355 1638 ipse
375 1575 670 1629 Muratorius,
703 1575 974 1639 agnoscique
999 1573 1054 1621 'ab
1074 1575 1287 1622 omnibus
1306 1572 1450 1622 erudi-

42 1644 99 1687 tis
124 1641 361 1689 Catholicis
380 1658 423 1706 p.
448 1657 557 1700 227.
579 1639 803 1695 adfirmat,
841 1634 1110 1706 inueRoque
1135 1640 1447 1689 transsubstan-

42 1711 236 1762 tiationis
256 1720 518 1759 commento
539 1722 659 1764 orta,
689 1719 739 1756 vt
762 1710 927 1758 mirum
947 1707 1081 1756 videri
1103 1709 1255 1774 ponit,
1293 1713 1449 1758 Mura-

39 1781 198 1825 torium
225 1779 317 1824 eius
333 1779 643 1842 antiquitatem
672 1775 911 1824 defendere
936 1776 1131 1824 tentasse.
1229 1777 1313 1824 Sed
1344 1778 1450 1843 quid

41 1845 115 1892 ille
133 1862 226 1893 non
246 1848 497 1902 tentanum-it,
533 1847 623 1910 qui,
650 1855 699 1892 vt
718 1858 821 1893 ante
840 1846 988 1893 multis
1012 1847 1222 1911 exemplis
1242 1845 1447 1905 vidimus,

40 1913 155 1960 mira
180 1913 393 1961 felicitate
419 1930 475 1961 an
505 1912 809 1977 impudentia,
830 1913 1058 1978 ‚quicquid
1089 1915 1242 1970 vellet,
1283 1914 1448 1979 vbique

38 1984 238 2045 ‘reperire
258 1983 420 2046 potuit.
496 1981 608 2028 Vsus
639 1991 791 2029 autem
811 1980 873 2029 est
903 1983 949 2028 in
969 1981 1089 2029 aditu
1109 1980 1448 2029 demonstratio-

39 2052 112 2098 nis
132 2061 258 2097 cauta
279 2050 423 2113 aliqua
442 2061 490 2096 et
510 2049 663 2096 callida
685 2050 1054 2114 praemunitione.
1107 2052 1163 2099 Vt
1181 2054 1306 2098 etiam
1322 2051 1445 2117 pqfil·

41 2116 298 2180 Iisfhtisfiat
324 2133 368 2181 p.
392 2126 500 2172 ²28·
529 2115 643 2163 med.
677 2122 699 2174 (
707 2133 822 2181 quos
852 2115 1031 2183 pusillos
1058 2128 1211 2175 vocet,
1253 2129 1301 2163 et
1332 2135 1445 2181 quo·

42 2185 205 2242 modo,
247 2201 342 2231 non
362 2183 458 2231 satis
478 2184 615 2231 latine
639 2185 749 2240 scio,
785 2196 836 2232 vt
862 2183 1021 2249 affe-qui
1042 2184 1232 2249 poffim)
1264 2189 1446 2234 animad-

40 2258 155 2304 verti
174 2254 287 2309 vult,
320 2251 566 2316 quidnam?
599 2251 718 2299 haud
736 2251 870 2300 dubie
888 2253 1053 2316 aliquid
1073 2252 1313 2307 eiusmodi,
1350 2270 1444 2317 quo

20 2323 269 2386 'perspicua
294 2337 365 2367 res
394 2318 490 2376 fiat,
539 2337 566 2366 e
594 2336 706 2384 quo,
755 2332 968 2384 tanquam
1002 2338 1027 2367 e
1057 2322 1299 2385 principio,
1346 2332 1447 2368 tota

35 2385 359 2439 demonstratio
380 2386 600 2435 ducatur?
654 2388 775 2443 Quid
797 2391 939 2449 ergo?
982 2392 1132 2440 mirum
1151 2389 1249 2452 ff»
1290 2392 1363 2453 qui
1390 2393 1446 2437 ab

34 2458 267 2510 hominibus
291 2472 372 2503 non
400 2458 639 2512 ineruditis,
681 2458 733 2502 ob
759 2459 1048 2503 adorationem
1077 2456 1122 2505 C.
1142 2466 1185 2504 et
1203 2459 1246 2504 S.
1270 2458 1449 2505 Domini

34 2529 87 2575 in
104 2526 234 2590 M'ff’
252 2529 310 2571 ad
321 2539 460 2573 eorum
480 2524 743 2570 elevationem
762 2524 813 2570 lis
830 2533 1058 2571 moueatur.
1124 2527 1238 2571 Sane
1258 2526 1334 2588 qui
1355 2525 1446 2571 hoc

0 2618 1 2631 2
37 2594 361 2642 animaduertat
380 2608 432 2639 ac
451 2602 623 2648 teneat,
654 2592 688 2637 is
708 2589 835 2638 facile
856 2591 1002 2657 capiet
1022 2589 1446 2638 demonstrationem

36 2659 297 2718 {ahie-stam,
343 2660 526 2725 eiusque
552 2659 641 2709 vim
678 2657 846 2706 sentiet.
942 2661 1035 2709 hm
1065 2662 1345 2729 proponitur
1375 2676 1447 2706 ree

733 2729 771 2774 F
814 2742 840 2789 ς
1261 2726 1448 2774 demon·
