1682 3068
500 170 503 172 ·
578 175 802 208 aros-r.
828 160 929 216 111,
966 172 1023 208 21
1171 172 1192 193 .,—
1408 170 1508 218 '443

102 283 310 339 ssantiz}
340 289 533 348 Inque
531 278 621 330 a'rn
646 293 836 347 captant,
866 284 911 329 in
939 281 1103 347 quibus
1124 287 1297 344 putent
1321 275 1410 327 esse
1437 280 1513 326 ali·

0 367 4 370 “
29 423 33 425 α
107 366 263 436 ηοω·
280 355 368 402 vim
375 364 615 413 magnam,
650 361 699 396 et
726 368 840 412 quae
868 362 961 396 non
988 347 1021 395 Γ
1022 361 1050 396 t
1075 367 1099 394 a
1123 346 1287 403 verb03
1321 347 1413 394 hoc
1438 343 1513 403 est,

114 419 289 488 ιον-ηῶ
311 416 474 467 suasus
490 429 537 464 et
563 417 781 482 phantasia
811 418 1014 472 habeant,
1041 426 1135 480 quo
1168 414 1437 462 mdueantur
1466 425 1514 462 et

112 489 408 540 finnus.
442 486 655 532 Videmus
684 473 981 545 Euangeiium
1013 501 1093 547 per
1122 481 1361 548 Apostoios
1389 498 1515 548 prae·

76 555 328 614 liliatum
336 569 429 602 non
457 553 598 601 modo
626 570 720 601 non
752 555 916 608 minua
947 551 1020 598 sed
1047 554 1180 598 etiam
1208 553 1317 615 plus
1338 547 1515 597 valuiss‘e

111 623 172 673 ad
189 623 321 671 sidem
331 623 592 678 hominum,
624 637 755 685 quam
785 637 890 668 cum
919 636 971 666 ex
990 636 1070 666 ore
1090 617 1247 666 Christi
1270 634 1420 665 coram
1440 635 1518 665 au·-

17 695 23 700 ”
109 691 322 740 dii-etur:
337 693 399 737 ita
415 688 694 754 dispensante
720 704 815 735 rem
835 692 955 742 Deo,
986 698 1036 733 vt
1057 688 1390 748 intelligeretur,
1422 702 1519 733 non

109 759 395 814 &humanis
415 755 561 809 rebus
586 757 696 804 sono
714 758 851 810 vocis,
883 754 1027 816 figura
1044 756 1257 817 corporis,
1288 752 1320 800 Γ
1322 753 1522 802 m111bus-

31 824 42 883 s
113 829 284 894 quein
312 826 455 873 sensus
481 823 810 873 incurrentibus
842 822 1002 877 rebuS,
1037 824 1127 869 vim
1154 821 1417 883 singularem
1446 822 1519 869 ali-

264 893 528 960 proficisci,
572 893 642 939 sed
672 892 727 939 ab
757 892 851 939 soio
880 889 1016 939 verbo
1043 889 1137 967 suu,
1165 890 1286 954 quod
1316 908 1340 936 a
1368 890 1523 955 spiritu

110 955 292 1011 ehr'isti
304 961 429 1010 niuis
434 961 523 1009 b111
533 960 891 1026 proficisceretur
920 970 968 1005 et
995 959 1151 1005 animis
1189 957 1427 1005 hominum
1453 956 1523 1004 ad-

123 1043 394 1078 moueretur.
435 1036 502 1076 Ac
519 1029 750 1082 nescimus,
780 1045 834 1074 an
855 1027 952 1077 satis
972 1025 1109 1085 digne
1132 1025 1376 1086 Euangelio
1395 1025 1523 1073 Chri-

104 1095 176 1146 ffi,
202 1098 384 1151 faciantr
407 1109 482 1145 aut
506 1097 697 1144 multum
726 1094 963 1172 proficiant
989 1093 1043 1140 ad
1070 1094 1136 1147 id,
1159 1093 1284 1158 quod
1314 1091 1523 1158 speGmt,

124 1167 206 1232 qui
235 1165 292 1211 de
319 1166 448 1212 altera
476 1165 547 1211 illa
575 1167 620 1211 in
656 1165 789 1211 coelis
827 1165 915 1209 vita
942 1162 1071 1208 beata
1095 1173 1171 1207 aut
1190 1162 1387 1210 dicentes
1405 1160 1526 1226 apn'd

126 1234 367 1299 populum,
397 1243 473 1279 aut
491 1231 734 1278 scribentes
757 1234 942 1296 populo,
961 1232 1091 1276 nimis
1112 1230 1304 1276 multum
1326 1245 1527 1276 comme·

126 1311 308 1347 morant
325 1299 426 1364 adsp
429 1297 576 1345 caum
598 1297 756 1345 Christi
801 1299 1151 1362 amplexationes
1182 1300 1311 1344 etiam
1333 1308 1380 1344 et
1400 1296 1527 1344 oscu-

128 1367 207 1426 la,
219 1385 334 1432 quae
354 1365 559 1431 profesto
580 1367 699 1413 nulla
719 1367 863 1412 futura
884 1365 1005 1421 sunt;
1042 1382 1144 1412 cum
1167 1368 1333 1412 interea
1351 1376 1529 1412 taceant

129 1435 223 1483 fere
249 1435 302 1482 de
333 1433 458 1482 inuis
463 1435 536 1481 b111
571 1433 791 1481 maiestate
827 1432 992 1485 Christi,
1027 1450 1139 1496 quae
1170 1434 1297 1480 nobis
1325 1445 1423 1480 tum
1446 1436 1530 1480 erit

131 1515 178 1550 et
216 1499 440 1550 inentibus
479 1500 637 1549 nostris
675 1501 727 1548 nd
766 1501 1128 1563 cognoscendum
1158 1502 1281 1548 velut
1320 1503 1531 1566 apertior,

39 1604 52 1627 s
100 1604 104 1608 -
130 1571 275 1618 immo
303 1582 397 1617 tota
425 1569 612 1625 remila,
642 1569 733 1615 hoc
758 1564 830 1625 est,
859 1570 914 1616 de
940 1568 1151 1626 immensa
1179 1571 1328 1635 operis
1356 1569 1410 1616 ab
1436 1568 1531 1634 ipso

0 1705 2 1712 J
97 1703 103 1706 .
129 1637 295 1704 pei-affl
315 1638 367 1686 ad
390 1638 570 1685 salutern
597 1639 833 1684 hominum
866 1622 1178 1702 praestantia,
1165 1655 1213 1684 m
1242 1634 1535 1698 gubernanda

129 1705 320 1755 Ecclesia
340 1704 636 1752 demonstrata
660 1705 880 1769 sapientia
918 1707 1155 1769 omnisque
1184 1707 1381 1752 veritatis
1402 1705 1456 1753 ab
1475 1722 1532 1752 eo

133 1772 263 1821 nobis
291 1774 473 1821 traditae
501 1771 725 1820 san8itate
746 1784 791 1819 et
810 1773 1067 1826 salubritate,
1105 1790 1214 1836 quae
1232 1785 1331 1820 tum
1350 1771 1534 1839 planiffi-

132 1858 210 1888 me
230 1842 571 1902 cognoscentur.
639 1844 795 1888 Nam
784 1858 832 1887 m
853 1842 921 1886 his
941 1838 1003 1888 est
1022 1857 1153 1887 verus
1176 1852 1221 1887 et
1242 1841 1402 1888 melior
1412 1842 1536 1889 Chri·

135 1907 250 1963 stus,
292 1925 428 1972 quem
458 1925 562 1954 cum
595 1907 764 1954 summa
795 1908 1003 1955 suauitate
1033 1907 1321 1956 videbimus
1309 1926 1354 1955 m
1383 1910 1536 1965 coelis,

137 1979 271 2023 etiam
299 1991 492 2038 corpore
522 1972 747 2020 nondum
750 1989 957 2037 recept03
990 1992 1091 2022 cum
1121 1978 1289 2023 interea
1318 1978 1450 2023 etiam
1471 1979 1535 2023 iu·

140 2042 338 2091 cundum
359 2044 453 2097 erit,
487 2040 635 2087 videre
653 2058 815 2104 corpus
834 2041 955 2092 illud,
992 2044 1117 2088 cuius
1138 2045 1260 2090 velut
1278 2042 1539 2090 instrumen-

139 2121 192 2158 to
221 2109 318 2156 vsus
348 2107 409 2155 est
441 2108 557 2156 filius
578 2110 675 2164 Dei,
705 2109 758 2155 ad
784 2108 994 2172 expianda
1025 2123 1204 2171 peccata
1236 2110 1391 2158 nostra.
1425 2114 1539 2158 etin

140 2179 270 2226 terris
298 2176 653 2241 patefaciendum
682 2193 793 2224 voce
823 2177 896 2224 sua
914 2175 1147 2224 confilium
1170 2182 1304 2243 patris
1325 2178 1381 2226 de
1400 2180 1540 2227 salute

139 2246 344 2293 humana.

238 2311 324 2359 Sed
353 2313 462 2358 huic
489 2310 664 2359 coelesti
692 2322 739 2358 et
768 2329 871 2358 vere
899 2311 1051 2359 diuino
1082 2311 1332 2376 spestaculo
1364 2331 1542 2380 praepa·

143 2380 308 2429 randus
326 2379 388 2426 est
404 2382 576 2426 animus
600 2382 645 2426 in
666 2380 749 2425 hac
769 2383 852 2426 vita
855 2382 1071 2442 ,primurn
1094 2380 1319 2428 confilium
1338 2381 1541 2429 diuinum

145 2452 329 2513 eiusque
349 2448 634 2512 sapientiam
624 2463 669 2492 in
690 2458 879 2494 auocato
903 2465 954 2494 ex
976 2450 1105 2494 terris
1135 2460 1179 2494 et
1200 2449 1336 2513 consp
1340 2446 1440 2496 estu
1461 2452 1542 2498 ho-

114 2558 117 2562 .
142 2519 315 2565 minum
335 2514 426 2563 filio
447 2515 525 2562 suo
546 2513 640 2561 lesu
675 2515 966 2574 agnoscendo,
997 2515 1159 2562 deinde
1185 2518 1382 2564 animum
1404 2519 1490 2565 ad
1479 2535 1545 2565 m-

143 2583 362 2631 visibilem
402 2585 494 2630 eius
533 2579 839 2628 maiestatem
827 2600 873 2630 m
896 2585 1140 2644 Euangelio
1168 2585 1406 2632 reuelatam
1440 2604 1545 2632 con-

99 2669 107 2676 ·
144 2641 376 2734 vertendo,
410 2662 458 2699 vt
478 2668 572 2698 earn
595 2654 737 2714 magis
757 2653 802 2698 in
824 2651 916 2698 dies
936 2653 1164 2717 magisque
1190 2653 1430 2719 perspiciat,
1452 2658 1545 2700 eius

1367 2720 1545 2768 admira-
