1682 3068
557 134 1008 167 ‘euersa-rawa
1399 134 1496 182 335

33 275 38 279 -
74 249 156 296 «tis
177 242 474 294 'confirmatae
502 251 550 291 et
576 245 840 290 exercitatae
867 244 1109 291 voluntatis
1138 239 1497 292 Βοῦἰεήιῖωη·

28 337 40 359 2
96 327 197 371 tur3
228 313 386 360 deinde
412 328 520 360 vero
550 308 792 358 vitiofitatis
824 313 963 358 totius
992 313 1212 368 internae,
1242 323 1342 359 tum
1371 311 1501 366 illius.

33 395 38 405 ·
99 399 217 448 quae
244 378 467 429 contrasta
495 377 558 425 est
587 378 718 442 culpa
746 376 916 434 nostra,
952 390 1049 426 tum
1081 381 1186 434 eius,
1222 397 1335 442 quae
1364 377 1425 425 est
1450 382 1498 427 in

100 449 193 514 ipsa
210 459 366 496 natura
380 438 543 494 nostra.
611 449 808 510 Oportet
836 448 974 505 igitur
992 448 1037 492 in
1056 447 1139 493 illis
1157 447 1413 510 praesertim
1434 449 1499 494 in-

101 520 187 565 itiis
210 519 323 563 vitae
339 513 392 562 ed
412 512 680 561 sanffitatem
704 526 750 561 et
782 516 991 560 virtutem
1014 514 1374 571 conformandae,
1406 533 1501 561 cre·

101 585 184 633 bro
202 583 423 630 recensere
434 580 534 628 asta
553 580 707 636 nostra,
735 598 874 645 eaque
892 579 946 627 ad
967 598 1168 628 normam
1190 582 1301 644 legis
1323 582 1501 629 diuinae

22 708 25 711 Ι
103 653 296 713 exigere,
325 666 411 696 nec
440 652 485 696 in
514 666 570 696 eo
602 649 766 695 iudicio
796 665 845 694 ac
869 649 994 695 velut
1024 649 1159 696 censu
1186 648 1334 696 fauere
1354 649 1503 696 libiae

103 736 298 784 parcere,
326 718 395 764 vel
414 716 716 771 conniuendo‚
747 716 820 762 vel
839 714 1034 777 benigne
1054 718 1405 779 interpretando,
1426 716 1503 764 sed

105 787 313 834 summam
331 786 616 832 seueritatem
647 783 868 831 adhibere.
939 788 1044 830 Nec
1070 800 1121 830 ea
1140 801 1210 830 res
1232 785 1370 831 modo
1388 785 1504 831 refe-

103 853 238 901 rende
254 850 318 899 est
334 852 387 899 ad
405 855 577 899 veniam
606 851 860 916 petendam,
893 851 968 910 sed
990 852 1137 907 etiam,
1163 862 1209 898 et
1225 852 1293 897 vel
1313 855 1503 899 maxime

102 919 156 968 ad
175 920 339 968 bonam
358 921 637 967 voluntatem
669 931 715 965 et
742 916 1052 967 industionem
1071 920 1208 967 animi
1229 917 1505 978 firmandam,

103 998 151 1035 et
172 988 552 1035 animaduertendi
581 987 855 1050 diligentiam
884 989 930 1033 in
951 985 1179 1052 posterum
1207 986 1505 1034 excitandam:

104 1066 376 1122 oportetque
399 1056 548 1103 videre
568 1053 765 1111 subinde,
786 1054 895 1118 quid
913 1058 1061 1102 minus
1078 1053 1246 1103 faaum
1267 1053 1320 1102 {it
1337 1059 1383 1102 in
1404 1072 1505 1103 eam

104 1136 293 1191 partem,
333 1133 379 1169 et
407 1122 599 1179 vicfflim,
633 1121 740 1188 quid
768 1123 869 1187 plus
900 1125 943 1169 in
976 1133 1149 1187 partem
1177 1123 1423 1179 meliorem,
1454 1134 1507 1171 vt

107 1193 238 1240 enum
269 1187 415 1238 fra-stu
454 1191 568 1238 illius
609 1191 927 1238 exercitationis
966 1203 1013 1237 et
1044 1188 1251 1254 profesta
1279 1191 1509 1248 laetemur,

106 1260 351 1321 fiamusque
380 1257 431 1304 ad
458 1275 568 1314 eam,
605 1270 652 1305 et
671 1260 859 1304 omnino
877 1257 930 1304 ad
960 1255 1094 1305 officii
1122 1258 1412 1306 conseruandi
1433 1276 1511 1306 cu·

109 1345 216 1384 ram,
249 1327 494 1372 alacriores.
558 1327 670 1370 Non
700 1322 763 1370 est
790 1338 914 1386 grata
942 1324 1115 1373 homini
1133 1327 1242 1372 haec
1270 1324 1511 1374 industriae

111 1395 375 1445 exercitatio,
407 1404 503 1439 tum
528 1394 630 1456 quia
653 1394 800 1439 omnis
820 1394 1105 1452 cogitationis
1125 1393 1257 1439 seriae
1278 1406 1324 1440 et
1341 1393 1512 1441 diutur-

110 1463 248 1510 nioris
270 1459 394 1506 labor
412 1459 473 1506 est
490 1457 714 1515 molestus,
747 1460 1002 1524 praesertim
1022 1463 1063 1507 ei
1083 1477 1178 1507 non
1198 1460 1399 1517 adsuetis,
1432 1464 1514 1523 qui

112 1529 215 1576 sunt
241 1528 465 1592 plerique:
498 1538 595 1574 tum
625 1527 750 1591 quod
778 1544 828 1574 ea
857 1527 983 1592 saepe
1016 1531 1140 1589 cogit
1168 1530 1399 1577 hominem
1431 1529 1513 1578 fibi
1551 1544 1554 1546 ’

113 1596 353 1660 displicere.
422 1595 508 1642 Sed
527 1595 642 1641 illius
668 1592 863 1641 tristitiae
882 1595 1238 1655 magnitudinem
1259 1597 1398 1660 longe
1415 1600 1511 1645 vin-

112 1667 175 1711 eit
193 1659 451 1716 neceffitatis
471 1672 517 1709 et
538 1663 732 1709 vtilitatis
755 1661 1027 1724 magnitudo.
1096 1666 1217 1712 Nam
1235 1662 1325 1711 fine
1345 1682 1394 1711 ea
1413 1666 1514 1714 nul-

112 1733 162 1779 lo
201 1729 340 1778 modo
367 1730 598 1776 emendari
627 1729 776 1776 vitiosa
805 1728 997 1795 polsunt,
1033 1740 1077 1777 et
1106 1733 1250 1780 oritur
1277 1735 1512 1798 paullatim

113 1799 319 1847 securitas
340 1810 384 1844 et
402 1800 574 1858 ignauia
591 1799 636 1843 in
656 1814 795 1860 opere
822 1799 1010 1855 virtutis,
1043 1800 1087 1844 in
1108 1817 1197 1863 qua
1216 1812 1339 1848 retro
1356 1801 1512 1848 labun-

115 1877 189 1914 tur
208 1867 369 1920 omnia,
396 1877 443 1911 et
464 1882 534 1911 res
558 1865 763 1911 celeriter
784 1865 840 1911 ad
866 1864 1091 1930 pristinam
1110 1868 1421 1915 conditionem
1431 1866 1512 1916 re«

118 1932 197 1980 dit.
264 1930 350 1978 Sed
371 1930 485 1978 haud
508 1930 610 1986 scio,
643 1948 696 1976 an
726 1933 854 1979 etiam
877 1933 978 1997 plus
998 1932 1139 1980 valeat
1166 1935 1409 1983 vitiositatis
1429 1953 1514 1983 no«

118 1998 230 2046 strae
257 1999 480 2044 vniuersae
512 2000 750 2057 cogitatio;
782 2017 892 2062 quae
921 2002 1051 2048 etiam
1072 2000 1146 2048 sua
1167 2002 1329 2066 sponte
1347 2005 1514 2064 ingeri·
1591 2017 1611 2028 ”

118 2076 195 2114 tur
219 2064 346 2113 nobis
375 2077 421 2112 et
448 2067 496 2111 in
524 2065 679 2111 oculos
697 2068 883 2114 incurrit
909 2069 954 2113 in
981 2068 1199 2133 superiori
1215 2071 1288 2117 illa
1305 2074 1513 2118 exercita-

118 2137 256 2182 tione.
324 2136 445 2180 Nam
464 2129 552 2178 flue
580 2132 700 2179 illam
728 2133 1006 2183 vitiolitatem
1036 2146 1084 2182 et
1103 2139 1402 2200 corruptelam
1423 2140 1514 2186 ani-

119 2203 183 2250 1‘ni
203 2218 255 2248 ac
271 2203 387 2248 vitae
406 2199 653 2264 perpendas
682 2210 728 2246 et
758 2213 1012 2258 contueare,
1040 2221 1154 2268 quae
1174 2206 1304 2269 culpa
1322 2208 1434 2253 vitae
1448 2206 1515 2254 su-

120 2270 310 2334 perioris
339 2266 566 2315 contrat-'Ita
593 2265 655 2313 est
664 2289 677 2323 ;
722 2267 974 2317 foeditatem
1012 2273 1104 2317 eius
1133 2276 1271 2334 magis
1296 2275 1514 2336 intelligas

120 2353 175 2383 ac
189 2336 352 2391 doleas,
384 2347 431 2383 et
452 2337 505 2382 ad
528 2352 623 2383 eam
636 2336 924 2397 frangendam
946 2355 996 2384 ac
1006 2339 1267 2387 vincendam
1289 2344 1489 2391 exciteris
1497 2364 1515 2399 3

121 2401 327 2451 fiueveam
348 2401 607 2458 consideres,
633 2420 746 2469 quae
765 2405 810 2449 in
830 2416 988 2452 natura
1007 2405 1093 2470 ipsa
1114 2408 1279 2464 haeret,
1310 2408 1519 2473 facitque,

122 2471 360 2520 ffl‘sacilius
379 2472 493 2518 male
519 2471 663 2528 facias,
699 2488 831 2534 quam
849 2471 990 2530 reste,
1021 2475 1070 2519 in
1091 2473 1208 2522 reae
1242 2477 1416 2538 agendo
1438 2496 1515 2525 au·

123 2537 369 2586 tan-tanta
401 2535 655 2585 difficultate
686 2539 924 2602 impediare
951 2557 1003 2587 ac
1029 2542 1269 2600 retardere,
1304 2555 1353 2590 vt
1380 2548 1515 2604 etiam

126 2605 260 2679 saepe
271 2616 424 2654 contra
442 2606 583 2662 facias,
602 2622 652 2653 ac
667 2608 961 2672 proposueras
982 2612 1142 2666 animo,
1162 2612 1282 2660 Rom.
1308 2610 1415 2665 Vll,
1440 2630 1517 2673 23.

1358 2680 1517 2730 odium
