1682 3068
214 125 312 192 ³56
390 128 394 133 ’
537 143 601 174 mr
644 139 978 178 anausim-ru
1025 145 1333 196 conronrsss
1412 151 1435 155 ·’

208 251 338 298 etiam
371 267 562 314 poenam
591 246 886 316 improbitatis
923 254 1078 301 luant?
1145 255 1607 320 Namsquoddicunt,

208 320 325 366 illam
347 319 480 383 ipsam
509 322 835 384 perniciem‚'*a
854 322 1004 369 Paullo
1024 322 1353 379 denunciatum,
1396 323 1482 372 effe
1507 327 1608 393 butg-

205 406 341 451 ysaav,
365 386 643 435 efficientiam
665 389 889 454 operantis
910 390 1176 454 praesentiae
1188 389 1372 449 Chrifli3
1402 392 1605 442 idtotum

207 453 270 501 est
289 455 492 503 ahenum.-
569 459 687 503 Nam
709 453 899 504 efficacia
918 461 1119 522 corporis
1139 470 1186 505 et
1202 459 1422 519 sanguinis
1432 459 1604 510 ichristi

202 522 327 575 nulla
346 523 425 569 alia
445 523 629 585 intelligi
652 521 815 587 potest,
853 522 931 571 nili
950 542 1062 590 quae
1080 523 1131 572 fit
1151 525 1203 572 ad
1224 524 1430 575 salutem}
1476 530 1603 575 cuius

203 588 340 637 caussa
372 602 417 637 et
442 595 602 655 corpus
634 589 790 638 Christi
814 596 951 639 morti
981 592 1179 640 oblatum
1207 606 1252 641 et
1282 591 1452 655 sangui&
1481 595 1602 643 fusus

202 656 276 705 est.
355 658 567 705 Iudicium
591 669 638 706 et
658 672 826 722 poena,
867 664 995 708 cuius
1015 672 1158 708 metus
1177 661 1368 722 indignis
1386 666 1602 727 proponi·

199 737 298 783 tur,
328 742 420 772 non
440 725 510 782 est·
524 725 679 774 Christi
700 729 934 774 morientis
954 738 1001 774 et
1017 730 1231 792 expiantis
1251 727 1430 791 peccata
1446 729 1602 789 nostra,

197 793 274 843 sed
296 793 544 851 iudicantis,
588 805 634 840 et
653 797 737 842 Dei
765 795 1011 842 vlciscentis
1039 795 1496 860 profanationemfilii
1527 799 1600 845 sui.

195 865 318 909 Nam
342 875 386 908 et
409 862 702 913 Euanqenum
721 863 886 926 ipsum,
917 863 959 909 id
981 861 1064 918 est,
1110 865 1336 928 promissio
1358 866 1599 922 Euangelii,

196 945 297 981 cum
319 925 380 974 est
399 926 514 992 ὀσμῆ
542 924 653 996 ζωός
681 930 738 983 εἰς
757 924 881 997 ζωὴν,
927 937 1031 978 odor
1049 932 1290 991 vivificans,
1332 949 1410 979 res
1423 931 1598 981 homini

192 996 428 1052 salutaris,'
445 1015 541 1044 eam
565 1000 650 1045 vim
673 998 806 1045 habet
826 1016 848 1044 a
869 998 910 1044 fe
930 1011 977 1045 et
1003 998 1074 1044 sua
1092 997 1279 1064 efficacia
1292 1020 1304 1054 ;
1356 1016 1461 1049 cum
1478 1000 1596 1046 dioi-

193 1073 269 1112 tur
296 1063 413 1126 ὀσμή
441 1062 626 1115 &audrie
647 1066 702 1120 εἰς
723 1063 939 1121 θάνατον,
979 1070 1085 1115 odor
1116 1080 1312 1121 enecatus
1342 1067 1388 1114 id
1408 1080 1498 1114 nun
1534 1065 1597 1115 est

190 1149 243 1179 ex
263 1135 577 1193 Euangelio'et
600 1137 693 1179 eius
713 1131 988 1190 efficientia',·
1010 1134 1080 1180 sed
1101 1151 1296 1199 poenae,
1333 1131 1465 1198 quain
1482 1134 1597 1182 infli-

187 1199 256 1261 git
279 1197 433 1247 iustitia
455 1203 560 1256 Dei,
578 1201 788 1247 vlciscens
812 1212 1094 1249 contemtum
1118 1202 1283 1257 salutis,
1306 1219 1330 1248 a
1354 1201 1593 1249 seoblatae.

184 1266 304 1315 Illud
334 1271 467 1314 etiam
495 1271 539 1322 in
570 1269 650 1315 hac
679 1271 913 1330 opinione,
966 1286 1051 1331 qua
1081 1266 1592 1324 salutaremefficaciam,

184 1333 248 1382 est
269 1335 494 1390 vitiosum,
534 1328 657 1400 quod
687 1337 731 1381 in
767 1353 816 1381 ea
845 1328 1137 1382 confunditur
1162 1335 1228 1394 id,
1269 1335 1589 1401 quod-inipso

183 1401 283 1451 aRu
306 1405 544 1466 accipitur,
586 1420 691 1449 cum
712 1401 878 1458 frufiiu,
903 1405 994 1466 -qui
1020 1419 1070 1449 ex
1091 1420 1168 1459 eo,
1206 1404 1326 1468 quod
1356 1419 1589 1467 acceptum

186 1468 271 1526 est,
314 1473 584 1533 percipitur,
623 1472 698 1535 qui
718 1468 780 1516 est
800 1468 1018 1518 efficaciae
1036 1481 1082 1516 et
1103 1473 1383 1535 operationis.
1463 1475 1588 1526 Quae

181 1555 256 1586 res
274 1555 358 1584 nos
380 1538 606 1589 admonet,
637 1549 686 1584 vt
707 1541 818 1600 'quae
840 1536 888 1583 fit
910 1539 1002 1593 illa‚'
1017 1555 1146 1598 quam
1169 1538 1413 1593 laudamus,
1442 1536 1587 1585 effica-

183 1607 248 1653 cia
271 1606 474 1668 corporis
492 1617 538 1651 et
566 1605 783 1665 sanguinis
806 1604 988 1659 Christi,
1027 1622 1130 1651 cum
1153 1623 1174 1650 a
1205 1604 1406 1651 fidelibus
1434 1607 1506 1669 pie
1539 1616 1586 1653 et

152 1717 155 1722 .
179 1673 384 1732 religiose
407 1673 648 1728 sumuntur,
668 1671 866 1732 breuiter
883 1673 1175 1735 explicemus:
1209 1672 1460 1735 praesertim
1480 1689 1600 1725 cumv

179 1751 228 1788 et
251 1742 340 1786 hoc
358 1756 447 1785 non
470 1739 567 1785 satis·
588 1739 823 1800 diligenter
845 1752 889 1786 et
911 1751 1114 1786 accurate
1135 1738 1188 1786 ab
1218 1738 1423 1786 omnibus
1451 1742 1584 1805 expli-

179 1819 325 1863 cetur,
365 1805 562 1866 ⁴sintque.
602 1809 676 1870 qui
705 1823 886 1854 omnem
916 1805 1153 1854 efficaciam
1185 1818 1261 1854 aut
1291 1804 1499 1854 effeflum
1527 1807 1604 1855 ab*

178 1875 391 1923 sumentis
419 1876 696 1936 cogitatione
723 1885 944 1939 repetant,
990 1893 1104 1940 quos
1134 1877 1363 1923 nominare
1393 1891 1485 1922 non
1519 1873 1581 1921 est

175 1941 361 1991 necess'e.
1416 1977 1419 1980 ,

283 2027 356 2066 25.
408 2007 482 2056 Est
510 2019 658 2056 autem
690 2007 882 2056 efficacia
918 2010 1184 2057 Sacramenti
1225 2008 1356 2056 huius
1389 2008 1575 2073 duplex:

175 2078 308 2126 altera
336 2095 386 2124 ex
417 2095 471 2124 eo
503 2094 690 2139 genere,
732 2077 854 2141 quod
884 2080 1040 2125 morale
1067 2094 1298 2132 vocamus,
1342 2076 1414 2123 sed
1443 2078 1503 2123 ita
1531 2087 1578 2124 vt

174 2163 271 2194 non
294 2144 346 2194 sit
366 2155 458 2192 tota
480 2147 758 2205 cogitationis
781 2147 1018 2201 humanae,
1053 2157 1100 2191 vt
1123 2148 1165 2190 in
1188 2145 1401 2191 sententia
1420 2145 1573 2193 Zwin·

175 2215 344 2277 gliana:
389 2212 522 2259 altera
551 2223 648 2260 tota
676 2211 804 2277 iplius
835 2214 1038 2276 corporis
1066 2224 1112 2259 et
1141 2213 1364 2272 sanguinis
1399 2208 1572 2266 Christi,

174 2281 326 2329 diuina
358 2292 404 2327 et
435 2279 658 2337 coelestis,
705 2282 751 2327 in
782 2298 867 2344 qua
896 2281 1040 2326 nullae
1079 2282 1270 2327 hominis
1298 2289 1442 2342 partes
1473 2275 1570 2323 fint-

170 2352 318 2396 Prima
341 2351 477 2409 igitur
504 2349 577 2394 illa
595 2346 656 2393 est
678 2349 724 2394 in
748 2364 825 2403 eo,
862 2347 982 2410 quod
1009 2350 1054 2393 in
1085 2358 1271 2411 accepto
1297 2361 1488 2408 corpore
1525 2355 1571 2391 et

170 2416 379 2477 sanguine
403 2415 557 2463 Christi
579 2414 640 2461 est
662 2414 915 2466 admirabile
934 2426 980 2462 et
999 2416 1185 2462 amabile
1201 2416 1359 2478 pignus
1379 2413 1569 2475 expiato-

169 2501 270 2532 rum
291 2495 337 2529 et
348 2484 705 2530 contionatorum
728 2494 1015 2547 peccatorum
1036 2482 1299 2534 nostrorum,
1320 2483 1568 2541 gratiaeque

170 2551 354 2603 diuinae.
382 2550 502 2612 quod
525 2550 674 2598 fideles
695 2554 764 2613 pie
779 2553 1039 2610 cogitantes,
1059 2561 1104 2596 et
1125 2559 1431 2609 comparantes
1450 2545 1567 2593 suam

139 2629 142 2633 “
167 2616 484 2680 indignitatem
495 2635 599 2666 cum
619 2617 904 2682 benignitatis
922 2618 1093 2666 diuinae
1112 2626 1231 2663 tanta
1248 2612 1566 2727 magnitudinle,

1476 2692 1520 2726 ta
1539 2697 1564 2726 e
