1682 3068
14 234 33 240 q
89 173 455 225 courvx'e't'xn.
486 188 763 223 necessi-r.
795 194 859 223 rr
890 191 1034 222 mono
1065 171 1321 223 vnuvxus‘.
1354 184 1454 234 523

0 269 2 359 Ξ
58 298 170 347 illud
188 296 264 359 cll,
293 286 418 363 quod
436 298 569 344 nimis
592 296 695 345 sunt
714 299 935 362 procliues
965 296 1019 345 ad
1038 297 1156 344 hanc
1176 296 1457 360 opinionem,

0 361 1 374 Ξ
57 378 109 414 vt
126 367 319 420 mdnnt,
351 365 395 413 se
412 365 529 412 solos
549 363 633 412 ess‘e
662 363 842 413 subtiles
863 366 1160 427 Dogmaticos
1190 375 1323 428 atque
1342 361 1456 408 adeo

56 433 337 494 Theologos,
370 445 545 481 ceteros
562 443 740 480 tantum
770 425 967 498 plebeicis
997 434 1334 479 concionatores
1355 427 1456 485 effe,

58 500 286 549 aut-verb·
313 510 360 547 et
386 499 587 548 historias
613 512 790 548 tenere:
825 519 847 547 a
867 517 960 564 quo
990 517 1144 547 errore
1160 501 1227 546 vel
1245 497 1326 562 ipsi
1346 498 1458 551 sunt,

57 567 91 616 fi
107 565 253 632 potest
270 565 380 624 fieri,
398 566 627 622 liberandi,
656 569 727 615 vel
746 571 938 624 iuueneS,
971 580 1019 615 vt
1037 565 1115 614 fibi
1137 578 1334 620 caueant,
1362 581 1455 612 mo-

43 634 208 700 nendi.
263 641 431 699 Atque
450 653 534 683 nos
551 635 735 696 quidem
759 647 805 682 et
825 635 905 700 ipfi
924 636 1053 700 supra
1074 634 1271 688 diximus,
1301 633 1458 680 Theo-

7 708 10 713 '
57 703 170 765 logo
198 701 404 768 pei-festo
430 701 705 751 necessariam
743 701 829 750 effe
865 703 1152 751 subtilitatem
1181 700 1457 767 philosophi·

59 787 175 827 cam,
201 772 496 838 inprimisque
521 768 815 818 dialesticam:
846 770 919 818 sed
949 772 996 818 in
1028 773 1121 817 eius
1151 774 1376 834 praecepti
1395 772 1459 815 in-

59 838 305 898 telligentia
331 839 582 888 cauendum
602 837 683 893 est,
725 856 785 886 ne
822 841 921 904 quis
950 850 1089 884 erret:
1132 848 1282 884 errant
1308 848 1459 883 autem

56 906 274 971 plerique.
340 910 465 956 Nam
494 917 665 971 putant,
690 905 720 953 fi
748 907 928 968 vulgata
957 916 1194 971 praecepta
1222 902 1460 953 Dialefiltica

58 976 343 1039 perceperint
361 973 580 1022 audiendo
599 974 725 1021 bono
744 972 964 1035 magistro,
993 984 1068 1020 aut
1094 989 1145 1019 ea
1163 973 1312 1019 multis
1333 974 1460 1019 annis

63 1040 394 1090 demntauerint
427 1045 476 1090 in
520 1043 701 1098 scholis,
772 1043 816 1088 se
863 1042 1008 1089 bonos
1043 1038 1308 1088 Dialesticos
1361 1037 1461 1086 effe.

63 1107 204 1166 Quod
230 1107 349 1157 abest
377 1110 633 1172 longiffime.
697 1114 812 1157 Sunt
838 1107 1013 1157 fortass‘e
1039 1106 1280 1162 Dialestici‚
1313 1108 1386 1156 sed
1414 1110 1461 1153 in

61 1188 406 1242 praeceptorum
425 1179 719 1239 intelligentia
744 1189 792 1225 et
817 1178 1005 1232 scientia,
1035 1194 1129 1224 non
1150 1175 1291 1224 statim
1310 1177 1357 1222 in
1377 1176 1463 1232 vsu,

62 1253 110 1290 et
128 1261 231 1292 cum
250 1256 485 1309 praecepta
515 1245 783 1294 conferenda
810 1246 910 1293 sunt
937 1248 984 1293 in
1014 1245 1163 1309 aliquo
1195 1261 1363 1306 genere
1382 1242 1462 1290 do-

65 1307 234 1358 strinae
259 1312 313 1360 ad
342 1312 646 1362 definiendum
672 1323 719 1361 et
758 1311 1161 1361 demonstrandum.
1238 1316 1464 1375 Namque,

64 1388 117 1426 vt
136 1395 387 1428 maneamus
414 1383 460 1428 in
493 1399 550 1429 eo
579 1399 683 1437 vno,
721 1381 777 1428 de
808 1399 899 1446 quo
917 1382 1147 1445 coepimus
1168 1378 1327 1434 dicere,
1359 1396 1465 1443 pro·

65 1443 188 1494 festo
207 1448 305 1494 vsus
325 1459 371 1495 et
390 1449 436 1496 in
456 1466 540 1506 me,
571 1451 679 1496 etin
711 1451 803 1496 aliis
832 1449 958 1496 mult‘
1005 1465 1078 1495 me
1098 1446 1259 1502 docuit,
1290 1463 1375 1493 nec
1392 1448 1465 1493 ali-

65 1523 137 1562 ter
155 1513 242 1561 effe
259 1514 417 1579 potest,
446 1519 491 1564 in
512 1515 655 1564 verbis
676 1515 949 1572 definiendis,
976 1533 1089 1580 quae
1114 1532 1208 1562 non
1242 1511 1466 1561 sensibiles

62 1598 135 1629 res
156 1585 413 1646 exprimant,
449 1585 598 1648 quales
627 1584 729 1631 sunt
756 1582 923 1645 figurae
954 1583 1385 1640 mathematicorum,
1416 1593 1464 1628 et

64 1665 137 1697 res
161 1648 381 1714 physicae,
412 1663 488 1698 aut
512 1652 635 1699 sensu
663 1653 841 1698 interno
870 1649 1164 1705 contuendas,
1196 1649 1269 1698 sed
1288 1667 1374 1706 eas,
1406 1649 1462 1696 de

66 1716 229 1782 quibus
258 1717 445 1776 aliunde,
479 1718 556 1766 nifi
583 1738 610 1766 e
638 1717 759 1766 libris
778 1720 983 1783 antiquis,
1013 1721 1156 1782 iisque
1181 1718 1334 1779 lingua
1362 1717 1461 1764 scri-

65 1786 155 1848 ptis
178 1796 366 1843 mortua,
398 1787 607 1847 cognosci
627 1803 718 1834 non
738 1784 882 1851 poffit,
910 1788 956 1833 in
983 1787 1051 1834 his
1071 1787 1207 1848 igitur
1225 1785 1367 1833 verbis
1388 1785 1464 1832 de-

38 1891 43 1894 .
65 1849 291 1906 finiendis,
317 1856 554 1911 neminem,
586 1856 790 1918 quamuis
818 1856 975 1902 tritum
1001 1856 1047 1901 in
1079 1850 1311 1901 dialefflcis
1341 1870 1466 1918 prae-

68 1920 224 1983 ceptiS,
247 1917 422 1967 bonum
450 1920 736 1969 Dialeflticum
765 1920 852 1968 ess'e
879 1920 1014 1986 polle,
1049 1923 1238 1986 quinon
1266 1921 1316 1968 fit
1345 1921 1465 1968 idem

69 1983 219 2032 bonus
252 1987 603 2044 Grammaticus,
628 1988 719 2036 hoc
749 1986 831 2045 est,
858 1990 906 2034 in
934 1986 1084 2036 studiis
1111 1989 1386 2052 linguarum,
1417 2003 1466 2035 et

68 2049 344 2101 historiarum
371 2058 676 2120 antiquarum,
709 2054 837 2102 valde
868 2058 1140 2103 exercitatus.
1208 2059 1330 2102 Nam
1357 2055 1467 2102 sicut

69 2117 350 2168 definitiones
369 2139 519 2170 rerum
539 2119 821 2187 phyiioerum
838 2120 1063 2171 ducuntur
1081 2139 1133 2169 ex
1154 2123 1466 2171 obseruationi-

67 2186 206 2236 nibns
232 2186 445 2252 phyficiS,
494 2189 550 2237 fic
583 2190 684 2238 illae
725 2190 954 2238 ducuntur
989 2208 1043 2238 ex
1081 2190 1467 2239 obseruationibus

67 2259 367 2318 grammaticis
409 2269 456 2305 et
494 2256 738 2315 historicis,
789 2255 1026 2319 diligenter
1065 2256 1298 2306 institutis:
1350 2275 1465 2324 quae

25 2342 30 2355 ·
68 2321 104 2371 fi
128 2320 291 2381 desint,
328 2323 484 2372 frustra
513 2337 565 2373 tu
590 2323 935 2374 Dialesticorum
962 2337 1199 2391 praecepta
1227 2325 1467 2374 definiendi

69 2390 273 2439 uniuersa
290 2392 457 2447 calleas,
492 2393 752 2458 abet-resque
769 2390 1006 2440 necessario
1028 2411 1054 2440 a
1080 2410 1182 2440 vera
1199 2396 1398 2451 notione,
1416 2405 1466 2441 vt

27 2500 35 2509 ὃ
69 2455 271 2505 videmus
291 2459 486 2506 accidiss'e
506 2460 777 2508 Doaoribus
799 2457 1017 2508 Ecclesiae
1046 2460 1207 2508 latinae
1225 2472 1271 2508 et
1290 2462 1468 2510 Schola-

35 2539 45 2582 )
69 2523 199 2574 sticis.
268 2525 438 2582 Quodsi
466 2530 566 2591 quis
591 2538 740 2592 putat,
781 2527 824 2575 se
850 2528 935 2575 illis
969 2527 1054 2575 suis
1081 2531 1327 2595 praeceptis
1359 2529 1468 2576 defi-

51 2592 224 2647 ,niendi
240 2594 340 2658 plus
358 2592 480 2659 pofl'e
498 2597 636 2644 altero
657 2595 747 2650 ino,
774 2598 821 2643 in
841 2613 933 2660 quo
951 2595 1002 2643 fit
1028 2595 1205 2644 scientia
1229 2598 1468 2652 literarum,

73 2656 218 2709 similis
237 2659 290 2710 fit
309 2663 364 2719 ei,
396 2665 473 2728 qui
494 2662 632 2713 libros
649 2660 930 2713 Muficorum
957 2663 1129 2726 legerit,
1158 2676 1208 2713 et
1228 2677 1469 2732 praecepta

1310 2749 1469 2780 eorum
