1682 3068
403 200 466 230 ιιι
506 195 807 229 nnuman:
852 194 1271 229 consrxrvznna
1441 178 1534 226 261

132 306 359 371 receptio,
384 302 475 352 fine
492 320 580 368 qua
597 302 860 363 contingere
878 300 924 348 id
944 301 1119 349 homini
1138 297 1274 366 poss'e,
1307 296 1540 348 absurdum

132 372 189 425 fit
205 372 453 421 existimare·

229 446 308 500 7†.
336 445 492 503 Atque
510 437 645 484 etiam
664 435 755 484 hoc
774 433 1144 484 confidet-andum
1164 432 1225 482 est
1246 436 1292 483 in
1310 434 1396 483 hac
1412 432 1538 482 dubi·

130 509 317 564 tatione,
329 505 452 570 qnod
469 505 545 552 illa
559 504 648 568 ipsa
666 502 789 560 fides,
814 501 846 550 fi
866 507 1057 551 maxime
1076 506 1123 550 in
1143 503 1412 550 conditionis
1430 502 1536 550 loco

128 575 278 629 haberi
294 571 459 638 posset,
490 583 642 620 tamen
662 589 756 619 non
774 570 1022 618 debilitaret
1041 570 1164 635 spem
1184 569 1396 627 beneficii,
1429 586 1536 634 pro·

46 692 49 695 K
124 648 282 708 pterea
296 640 425 706 quod
445 639 567 687 secus
589 641 632 685 se
650 657 722 686 res
747 640 884 689 habet
901 641 950 686 in
968 637 1074 693 fide,
1105 636 1159 684 ab
1180 639 1428 699 Euangelio
1445 639 1536 687 san-

126 712 224 765 ein,
244 727 378 772 quam
401 711 448 755 in
467 707 641 762 iustitia,
660 706 714 754 ab
735 707 835 769 lege
854 708 948 772 spei
966 706 1118 754 salutis
1141 704 1356 754 adiunEta.
1410 709 1534 754 Nam

122 778 197 825 lei
214 774 341 824 iubet
355 776 428 823 illa
448 774 626 839 quidem
645 775 792 823 facere
811 785 860 822 et
872 772 1141 826 nonfacere,
1160 773 1233 820 sed
1245 776 1333 820 vim
1345 772 1533 821 faciendi

122 854 289 892 etnon
316 842 503 891 faciendi
532 860 627 891 non
662 842 762 898 dat,
807 860 893 890 nec
919 842 1023 890 dare
1041 838 1188 908 potest
1219 858 1298 905 per
1325 852 1532 890 naturam

122 913 298 970 snamz„
322 908 594 959 demonstrat
612 912 682 958 illa
698 910 876 976 quidem
898 912 1014 958 viam
1032 908 1087 956 ad
1108 909 1314 965 salutem,
1357 920 1404 955 et
1431 925 1533 957 eam

119 982 252 1037 inire,
293 979 419 1046 spem
438 990 486 1027 et
503 991 673 1026 metum
694 978 997 1045 proponendo
1020 978 1248 1034 hortatur3
1305 974 1378 1023 sed
1398 976 1533 1023 facul·

116 1059 256 1095 tatem
278 1046 553 1109 ingrediendi
585 1045 835 1094 constanter
854 1059 900 1094 et
927 1045 1112 1094 tenendi
1140 1063 1235 1092 non
1254 1044 1406 1093 adfert.
1475 1047 1531 1092 In

120 1134 213 1182 quo
241 1119 387 1177 granis
412 1133 541 1163 error
567 1114 808 1162 intercessit
843 1116 955 1162 olim
986 1113 1253 1162 Pharisaicae
1290 1110 1530 1167 doeh-inae,

119 1201 235 1246 quae
254 1185 344 1244 legi
361 1200 455 1230 non
478 1182 617 1230 modo
635 1185 725 1230 vim
755 1182 1070 1231 illuminandae
1099 1184 1263 1229 mentis
1299 1179 1353 1228 ad
1372 1180 1530 1228 viden-

120 1251 230 1299 dum
250 1247 473 1307 officium,
515 1250 585 1297 sed
608 1253 739 1298 etiam
760 1250 1000 1298 roborandi
1031 1251 1164 1297 animi
1184 1250 1237 1297 ad
1264 1246 1527 1296 faciendum

63 1363 67 1366 .
119 1317 367 1374 tribuebat,
405 1330 454 1365 vt
479 1335 504 1363 e
533 1319 697 1381 losephi
722 1320 1039 1366 deMaccabaeis
1065 1316 1218 1364 libello
1250 1317 1419 1365 clarum
1449 1313 1527 1364 est.

121 1389 271 1441 Quam
299 1397 457 1432 contra
484 1396 667 1432 coortus
696 1385 899 1443 Paullus,
966 1382 1017 1434 τδ
1062 1380 1272 1435 ἀδύνατον
1303 1382 1360 1433 τὲ
1401 1379 1526 1446 utimr,

117 1455 435 1502 imbecillitatem
461 1453 583 1518 legis,
634 1454 679 1499 in
719 1469 776 1499 rea
819 1470 868 1499 re
912 1450 1080 1508 asserit,
1134 1463 1180 1500 et
1205 1449 1392 1498 cauffam
1425 1455 1524 1499 eius

117 1518 389 1572 demonstrat
406 1523 528 1569 Rom.
559 1518 686 1574 VIII,
710 1537 750 1577 3.
826 1519 911 1568 Sed
935 1521 1230 1580 Euangelium
1249 1536 1343 1567 non
1378 1518 1520 1570 modo.

115 1589 325 1636 hortatur
342 1588 521 1635 salutem
534 1589 620 1634 Dei
640 1589 841 1651 accipere
859 1604 942 1652 per
962 1586 1110 1644 fidem,
1142 1586 1216 1636 sed
1233 1589 1366 1635 etiam
1386 1589 1429 1634 vi
1446 1588 1522 1635 sua

113 1657 363 1717 ingeneret,
402 1666 450 1702 et
466 1656 648 1719 inspirat
666 1654 815 1702 fidem.
910 1659 1066 1719 Itaque
1089 1655 1263 1702 Paullus
1281 1655 1398 1702 hanc
1428 1655 1523 1719 pri-

111 1741 232 1771 mam
252 1734 299 1770 et
314 1724 530 1772 summam
542 1723 772 1785 Euangelii
789 1721 1226 1770 commendationem
1247 1725 1382 1788 ponit
1392 1724 1519 1771 Rom.

109 1795 152 1847 I,
175 1796 243 1840 16.
267 1807 341 1849 17.
380 1789 502 1855 quod
522 1788 574 1837 fit
603 1785 789 1853 δύναμις
816 1792 905 1840 osis*
934 1790 992 1845 εἰς
1018 1790 1253 1859 carnelum,
1299 1790 1441 1855 (fficax
1473 1800 1518 1841 ct

109 1861 370 1920 “ruffinum
383 1860 542 1933 salutis
566 1859 764 1907 humanae
792 1862 984 1915 medium,
1027 1859 1165 1922 idque
1190 1859 1381 1920 intelligi
1415 1859 1517 1906 vult

109 1942 249 1972 exem
268 1925 386 1990 ipso,
437 1926 558 1990 quod
585 1928 631 1972 in
661 1944 718 1973 eo
744 1937 1025 1991 proponatur
1062 1920 1311 1981 δικαιοσύνη
1339 1925 1426 1979 Θεέ
1462 1927 1516 1974 ἐκ

107 1993 294 2047 cabant-3
320 1989 480 2040 iustitssa
498 2003 545 2039 et
564 1992 687 2049 salus,
716 2011 829 2055 quae
850 1993 1070 2053 tribuatur
1090 2013 1114 2042 a
1131 1999 1233 2042 Deo
1246 2031 1257 2051 ,
1289 1997 1437 2042 veniat
1456 1994 1513 2041 ab

56 2108 58 2111 ,
106 2063 210 2106 Deo
231 2076 335 2117 vno,
363 2061 549 2123 eiusque
568 2058 798 2115 beneficio,
829 2059 917 2108 sine
937 2079 1068 2125 opera
1090 2064 1296 2119 humana,
1323 2072 1517 2126 propter

108 2127 258 2174 fidem.
334 2125 421 2172 Sed
438 2128 534 2173 talis
553 2121 740 2186 δύναμις
756 2126 840 2174 effe
858 2146 908 2175 ac
928 2128 1012 2176 dici
1033 2131 1157 2177 nullo
1180 2129 1320 2178 modo
1353 2127 1513 2194 pulset,

106 2193 139 2241 fi
166 2192 304 2242 modo
330 2195 612 2259 praeciperet
637 2193 796 2253 fidem,
837 2212 930 2243 non
962 2198 1094 2244 etiam
1116 2200 1158 2245 vi
1184 2198 1258 2244 sua
1286 2196 1514 2244 mentibus

105 2263 312 2310 humanis
330 2265 591 2322 ingenerare
611 2260 765 2326 poss‘et.
804 2265 913 2310 Hoc
930 2263 1161 2311 discrimen
1179 2265 1291 2326 legis
1310 2275 1356 2311 et
1366 2267 1513 2312 Euan-

106 2331 211 2392 gelii
233 2327 351 2376 idem
371 2330 548 2376 Paullus
568 2331 699 2376 etiam
719 2328 988 2378 demonstrat
1006 2334 1050 2378 in
1073 2333 1274 2379 eiusdem
1295 2329 1513 2397 Epistolae

105 2415 194 2460 cap.
213 2399 276 2446 X.
296 2414 335 2444 v.
358 2413 380 2457 5
397 2397 496 2462 sqq.
527 2413 628 2443 cum
658 2397 806 2458 legem
836 2399 946 2444 nihil
974 2399 1116 2457 aliud,
1153 2397 1234 2446 nifi
1252 2402 1511 2465 praecipere

106 2463 422 2521 obedientiam,
456 2466 538 2519 ait,
581 2463 762 2512 salutem
787 2465 1071 2529 petentibus3
1138 2478 1184 2514 at
1214 2469 1512 2528 Euangelium

103 2532 243 2593 longe
262 2532 389 2579 aliter
407 2541 454 2576 et
478 2531 603 2594 loqui
622 2543 670 2578 et
686 2531 843 2579 faeere.
910 2537 1035 2580 Nam
1054 2541 1098 2582 in
1118 2535 1414 2601 proponenda
1432 2534 1510 2600 spe

105 2599 344 2647 iustitiaeet
362 2597 509 2646 salutis
519 2615 611 2645 non
633 2601 889 2664 praecipere
910 2605 1074 2649 remita
1095 2602 1222 2668 supra
1234 2605 1349 2650 vires
1359 2603 1511 2648 huma·

106 2681 187 2714 aas
209 2665 423 2734 politam,
468 2678 519 2715 vt
537 2665 836 2716 obedientiam
854 2667 992 2727 legis3
1045 2669 1119 2717 sed
1138 2671 1256 2720 nihil
1275 2667 1353 2718 nis·
1372 2669 1509 2717 fidem

815 2738 854 2782 R
884 2751 909 2794 3
1313 2740 1506 2798 exigere,
