1650 3060
430 146 530 179 nn
566 131 873 179 tva-unwan
910 143 1151 177 svnzaro
1385 142 1484 194 551

75 253 274 306 fraudes
293 270 448 303 earum
487 269 642 302 rerum
687 250 1074 310 demonstrabant,
1153 261 1200 301 et
1241 248 1295 298 ad
1343 248 1482 304 risum

75 321 436 380 mannahun
500 320 690 385 denique
739 319 793 368 ab
829 320 1106 385 philosophis
1126 357 1140 377 ,
1206 321 1284 383 qui
1326 337 1480 372 rerum

75 394 277 440 nanum
333 389 507 455 planius
554 391 775 453 explicare
824 398 1079 453 coeperant.
1179 387 1367 437 Acceffit
1412 398 1481 438 et·

73 461 161 507 inm
197 459 459 524 Principum
497 459 736 521 prudentia
755 494 767 514 ,
835 459 911 521 qui
935 458 1087 517 legum
1123 455 1356 502 seueritate
1392 455 1478 503 ho·,

70 527 216 574 mines
255 525 349 596 vel·
367 523 653 573 deterrebant
691 523 745 572 ab
783 526 908 572 malis
947 520 1263 589 superstitionis
1294 520 1476 582 artibus,

67 594 159 641 vel>
188 590 466 653 coercebant*
503 609 612 648 οοε,
679 595 755 657 qui
791 595 844 640 iis
882 592 945 639 vti
993 591 1239 639 auderent:
1309 589 1473 654 quibus

59 661 204 709 rebus
244 653 621 727 etidn'rdicpiae
656 662 816 708 veteris
851 658 1172 725 superstitionis
1214 658 1470 722 paullatim,

62 729 321 795 praesertim
357 729 452 781 hoc
485 725 637 778 nostro
674 729 832 777 Seculo
853 764 866 785 ,
931 729 1123 789 cognitis
1162 727 1294 773 etiam
1338 726 1468 790 saepe

61 794 289 845 fraudibus
317 794 628 862 improborum
650 832 661 851 ‚
728 796 830 844 sunt
859 797 1022 860 prope*
1040 793 1220 860 prorsus
1257 791 1474 841 sublatae.-

61 869 216 929 Atque
269 881 321 912 ea
376 866 546 929 patriae
601 862 775 912 nostrae
822 864 962 925 gloria
1013 863 1345 909 communicata
1400 859 1465 908 est

62 934 201 980 etim
235 948 342 980 cum
376 931 475 980 aliis
515 933 695 997 populis
717 969 730 990 ,
798 933 877 996 qui
919 933 966 977 iu
1005 931 1376 977 communionem
1421 946 1467 976 e-

58 999 292 1047 mendatae
318 1016 400 1065 per
428 1000 681 1047 Lutherum
709 996 926 1046 Ecclefiae
960 995 1208 1048 venissent:
1275 999 1324 1043 in
1362 997 1468 1061 qui-

58 1066 144 1115 bus
182 1070 316 1115 etiam
364 1065 514 1132 paffim
558 1069 799 1115 extiterunt
818 1102 829 1122 ‚
894 1068 971 1130 qui
1016 1062 1322 1131 superstitiosas
1363 1066 1461 1128 opi-

54 1137 217 1186 niones
250 1135 372 1196 vulgi
406 1137 739 1199 impugnarent.
840 1133 926 1185 Sed
965 1149 1068 1182 cum
1105 1143 1256 1180 tamen
1292 1131 1460 1196 aliquid

53 1203 340 1268 reliquiarum
393 1199 693 1255 remansisset:
790 1217 939 1266 neque
1007 1203 1127 1251 enim
1179 1198 1459 1251 imbecillitas

54 1270 252 1318 humana
289 1267 392 1323 finit
427 1270 472 1317 se
518 1271 698 1334 prorsus
737 1267 793 1320 ab
830 1271 944 1323 vitiis
981 1269 1066 1321 suis
1104 1266 1279 1321 liberari
1297 1304 1308 1324 ‚
1375 1283 1458 1314 eae

52 1354 151 1386 non
189 1338 353 1386 otiosae
400 1338 571 1390 latuere
591 1373 603 1395 ,
670 1335 745 1390 sed
783 1337 911 1403 saepe
948 1353 1031 1402 per
1079 1333 1335 1384 occasiones
1374 1333 1458 1382 ob·

50 1405 161 1453 latas
229 1405 450 1459 ⁴exim-erm
478 1406 521 1452 se
575 1421 780 1471 coepere.
873 1411 1026 1470 Atque
1061 1401 1266 1469 profesto
1306 1400 1462 1454 dolen-

52 1472 164 1520 dum
203 1469 294 1529 est,
360 1473 444 1523 hac
477 1470 624 1523 nostra
660 1482 806 1521 aetate
827 1508 841 1530 ,
907 1490 1022 1536 quae
1050 1469 1350 1537 superioribus
1388 1480 1455 1517 et·

48 1542 139 1588 iam
174 1539 454 1605 temporibus
500 1542 641 1603 magis
687 1539 837 1604 sapere
880 1540 1072 1591 creditur
1093 1576 1106 1597 ,
1173 1555 1321 1603 eoque
1367 1553 1455 1585 no·

46 1610 172 1655 mine
211 1609 432 1671 gloriatur
451 1643 463 1664 ,
532 1621 578 1656 et
606 1610 812 1675 proximo
846 1616 1060 1674 tempore
1098 1606 1143 1654 id
1170 1606 1339 1670 saepius
1375 1622 1448 1657 ac·

46 1673 207 1723 eidiffe.
303 1678 358 1723 In
404 1677 596 1725 Batauis.
628 1675 940 1740 δωιᾰεηῦὡὲίί
987 1674 1159 1724 fabulae
1212 1670 1448 1732 coelestes,

46 1753 97 1791 et
127 1740 283 1792 iastata
317 1758 422 1791 cum
458 1744 652 1790 mortuis
682 1744 953 1802 commercia
991 1752 1039 1790 et
1082 1742 1306 1806 colloquia
1346 1756 1447 1804 per-

43 1810 198 1859 m'ultis
217 1847 229 1867 ‚
313 1820 364 1858 vt
417 1808 668 1867 audiuimus
714 1823 762 1858 et
813 1813 1113 1873 cognouimus
1133 1845 1145 1865 ‚
1227 1806 1445 1873 probatae

41 1877 160 1927 finnt.
256 1877 559 1924 Lehmanniae
602 1882 811 1927 Daemon
865 1896 891 1927 a
933 1895 1069 1943 quam
1115 1877 1267 1925 multis
1319 1877 1443 1936 agni·

41 1955 117 1992 tus
160 1941 250 2001 est,
313 1941 539 1992 Dess‘auiae
584 1944 765 1992 tandem
808 1961 834 1991 a
879 1945 1056 1992 medico
1106 1944 1302 2010 pulueris
1339 1942 1441 1993 rha-

40 2010 260 2069 barbarini
324 2007 447 2076 quafi
502 2021 734 2060 tormento
806 2024 1086 2076 expugnatus
1158 2023 1204 2058 et
1256 2007 1439 2058 eieaus.

41 2077 167 2135 Quid
207 2091 315 2126 eum
361 2094 529 2138 magno
577 2078 736 2126 dolore
790 2078 1083 2144 prudentium
1129 2082 1438 2127 Hannouerae

38 2156 188 2212 nuper
233 2143 397 2193 fastmn
430 2143 515 2201 fit,
580 2144 762 2194 constat·
859 2151 966 2194 Nec
1020 2147 1083 2193 ini
1137 2142 1436 2195 recentiffimo

36 2213 157 2277 apud
194 2229 279 2260 nos
304 2210 544 2278 *impostori
562 2249 574 2268 ,
638 2213 822 2276 dignum
858 2214 934 2261 suo
971 2213 1126 2262 furore
1165 2215 1333 2260 exitum
1362 2229 1434 2260 na·

35 2278 136 2338 ao,
159 2311 179 2336 a
200 2281 278 2346 qui
313 2283 477 2329 animas
515 2290 800 2329 mortuorum
838 2293 886 2329 et
920 2280 976 2328 de
1017 2281 1147 2328 coelo
1190 2280 1436 2334 deducere,

0 2401 1 2405 Ἰ
35 2346 86 2395 ot
119 2364 174 2394 ex
208 2364 318 2396 orco
358 2365 545 2396 euocare
587 2348 628 2394 se
673 2358 719 2396 et
766 2350 815 2395 in
857 2347 1147 2412 conspestum
1183 2347 1438 2395 volentium

0 2412 2 2450 ἱ
33 2413 257 2462 adducere
286 2413 492 2472 inflabat,
560 2414 766 2481 defuere,
827 2420 903 2480 qui
937 2419 1031 2464 eius
1066 2413 1331 2481 praestigiis,
1382 2424 1433 2462 et

32 2483 163 2533 malis
210 2481 377 2547 artibus
422 2482 467 2530 se
511 2482 660 2549 decipi
703 2492 992 2548 paterentur,
1069 2494 1117 2531 et
1173 2484 1216 2531 ei
1258 2491 1431 2529 temere

0 2565 1 2568 ’
34 2548 279 2606 cederent.
381 2549 560 2608 Quibus
596 2548 730 2600 rebus
765 2549 973 2614 profesto
1013 2568 1175 2614 magna
1199 2550 1319 2599 labes
1354 2548 1429 2596 ad-

678 2621 791 2668 Mm
820 2636 854 2681 4
1286 2615 1431 2683 spersa
