1682 3068
138 104 232 151 232
388 104 394 108 '
456 100 739 138 vmmcm'z
775 108 1025 139 Anium-1111
1060 109 1244 139 mvmx

138 208 332 275 Reliquo
355 228 491 276 porro
511 223 615 260 ante
636 211 863 262 Christum
882 221 1036 261 natum
1067 223 1296 280 tempore,
1338 217 1382 262 in
1416 214 1542 263 sacris

137 279 328 327 Iudaicis
359 280 636 345 suscipiendis
663 282 776 329 nihil
806 295 981 348 praeter
1017 282 1399 344 circumcisionem>
1424 299 1544 331 eom-

137 351 376 396 memorari
398 347 454 394 ab
472 347 894 408 aquribus·-rerum
916 350 1191 398 Iudaicarum
1213 349 1426 398 videmus.
1478 354 1544 398 Io-

138 417 287 478 ll’plzus
309 414 489 478 quidem
513 419 635 472 (Ant.
657 418 799 472 XIII,
823 433 864 474 9.
900 436 915 465 1
932 423 988 481 ζ.)
1020 421 1066 464 in
1091 420 1306 466 Idumaeis
1337 418 1390 464 ab
1423 422 1544 482 Hyr·

136 500 252 530 cano
286 482 339 530 ad
368 483 483 531 sacra
513 484 693 532 Iudaica
720 482 879 532 adaffis
914 503 1012 532 eam
1045 488 1178 534 solam
1208 495 1547 533 commemorat.

127 555 260 598 ’Nam
281 555 574 616 Hyrcanum,
611 555 669 600 ait
686 591 697 612 ,
726 554 778 600 iis
804 555 1036 618 optionem
1062 555 1176 602 hanc
1197 552 1381 608 dedisse,
1409 562 1458 599 vt
1475 552 1548 598 vel

135 619 444 682 relinquerent
466 622 670 684 patriam,
714 620 785 667 vel
813 622 1068 685 πεξιτέμνων
1094 642 1140 670 τε
1172 619 1234 670 τοὶ
1264 615 1434 677 αἰδοῖα,
1479 618 1551 683 καὶ

137 690 224 740 τοῖς
243 683 329 739 Ιεδ.
349 685 491 751 νόμοις
511 685 689 755 χρῆσθαι]
711 686 1012 746 instituerent,
1049 693 1093 737 in
1117 692 1283 754 hasque
1311 690 1416 736 duas
1443 703 1549 734 con-

142 755 341 801 ditiones
352 758 462 802 itum
484 756 536 802 ab
557 758 607 804 iis
629 755 727 804 effe.
796 755 879 804 Sed
902 759 998 804 loca
1017 757 1113 805 sunt
1131 759 1481 821 Prophetarum,
1503 765 1553 802 vt

141 825 269 873 Ioelis
298 837 345 870 et
365 824 621 881 Zachariae,
662 842 686 871 a
716 825 971 885 Theologis
995 825 1245 872 Christianis
1275 824 1442 871 dudum
1473 839 1552 871 no-

138 901 254 947 tata,
292 892 340 938 in
361 891 520 956 quibus
542 890 658 939 haud
673 891 858 939 obscure
880 891 1149 957 praedicitur
1170 892 1411 956 baptismus
1423 892 1550 937 Chri-

139 955 391 1006 stianorum.
439 964 504 1007 Ex
524 961 592 1007 his
613 957 786 1006 necesse
806 956 866 1004 est
885 964 1120 1021 cognitum
1142 958 1334 1007 habuisse
1355 956 1552 1012 Iudaeos,

140 1027 345 1092 inprimis
367 1024 613 1082 doffiores,
648 1026 739 1075 fiue
759 1027 831 1073 sua
852 1027 1026 1091 sponte,
1063 1028 1151 1075 siue
1170 1030 1553 1090 interpretatione,

141 1103 190 1141 et
211 1091 411 1140 dostrina
432 1095 632 1159 ipsorum
655 1098 994 1160 prophetarum,
1015 1112 1159 1157 regno
1182 1096 1361 1142 Messiae
1381 1096 1554 1139 initian·

145 1162 227 1208 dos
250 1161 458 1208 homines
501 1164 608 1209 fore·
629 1160 863 1226 baptismo.
959 1165 1065 1209 Eius
1097 1173 1244 1209 autem
1275 1165 1402 1222 regni
1432 1163 1556 1207 initia

144 1229 288 1294 prima
315 1228 433 1276 recte
459 1229 695 1294 ponebant
714 1231 759 1275 in
789 1228 986 1277 aduentu
1007 1232 1147 1285 Eliae‚
1187 1247 1210 1276 a
1237 1230 1448 1278 Malachia
1481 1227 1556 1274 de·

142 1298 369 1344 nunciato.
439 1303 590 1361 Atque
611 1298 717 1344 hinc
738 1297 981 1344 commode
999 1299 1187 1358 intelligi
1204 1295 1387 1362 possunt
1406 1295 1556 1350 multa,

144 1381 259 1429 quae
275 1365 347 1411 vel
371 1380 464 1411 non
484 1362 604 1410 reste
624 1384 647 1412 a
672 1365 826 1411 multis
848 1367 1098 1429 capiuntur,
1132 1366 1202 1412 vel
1215 1364 1272 1411 ‘ad
1296 1366 1558 1428 opinionem

147 1432 205 1479 de
226 1432 556 1495 proselytorum
571 1432 797 1496 'baptismo
827 1433 1080 1481 trahuntur.
1158 1436 1379 1485 Primum,
1421 1427 1558 1495 quod,

146 1500 413 1565 peruulgata
432 1498 488 1546 de
504 1501 681 1547 Ioannis⁴
697 1500 917 1565 baptismo
942 1501 1075 1558 fama,
1096 1499 1426 1547 innumerabilis
1449 1497 1560 1543 mul-

147 1567 296 1615 titudo
331 1565 579 1629 effunditur
601 1567 655 1614 ad
669 1576 787 1631 ‘pum
818 1568 1159 1632 suscipiendum,
1205 1567 1249 1613 id
1276 1583 1369 1613 non
1398 1562 1559 1611 fastum

149 1645 392 1700 propterea
408 1671 419 1690 ,
452 1645 597 1698 patet,
628 1634 750 1698 quod
771 1634 990 1698 baptismo
1013 1637 1099 1682 iam
1117 1632 1253 1680 essent
1272 1634 1460 1680 adsueti:
1498 1641 1559 1675 et-

152 1703 271 1750 enim
291 1703 388 1757 ille,
420 1699 449 1747 fi
469 1712 581 1758 erat,
613 1700 664 1748 ad
686 1702 800 1748 solos
820 1704 1008 1760 gentiles
1030 1701 1300 1768 pertinebat:
1346 1700 1417 1746 sed
1438 1695 1560 1762 quod

151 1785 346 1829 regnum
378 1768 565 1815 Meffiae-
588 1767 725 1815 adesse
759 1769 1011 1825 audiebant,
1053 1772 1182 1834 eique
1209 1767 1445 1815 initiandos
1481 1781 1562 1830 per

153 1835 421 1901 baptismum
441 1837 648 1883 homines
681 1836 801 1891 fore,
846 1837 1099 1885 didicerant.
1200 1834 1399 1892 Deinde,
1440 1831 1563 1897 quod

154 1905 287 1965 legati
318 1902 493 1951 Consilii
528 1902 792 1951 Iudaeorum
832 1906 998 1970 publici
1026 1911 1238 1952 loannem
1274 1907 1568 1961 interrogant,

157 1988 214 2019 an
235 1968 286 2018 fit
306 1974 446 2027 Elias,
475 1973 544 2018 vel
569 1969 786 2030 Christus,
818 1975 920 2036 quia
936 1973 1174 2038 baptismos
1196 1981 1410 2034 exerceat,
1438 1970 1565 2014 item-

158 2056 271 2105 que,
305 2038 430 2104 quod
454 2042 696 2095 mirantur,
730 2036 838 2104 quid
859 2039 929 2097 sit,
958 2059 1093 2105 quare
1112 2042 1202 2087 hoc
1218 2040 1367 2095 faciat,
1400 2053 1503 2083 cum
1523 2035 1564 2080 se

159 2123 244 2154 nec
266 2109 427 2165 Eliam‚
467 2124 551 2153 nec
570 2107 794 2164 Meffiam,
841 2125 925 2169 nec
950 2110 1242 2173 prophetam,
1277 2109 1317 2153 ei
1334 2109 1397 2152 rei
1421 2122 1444 2164 a
1464 2107 1564 2149 Deo

161 2171 348 2231 mistum,
378 2174 657 2239 profiteatur,
692 2174 736 2220 id
758 2176 872 2223 clare
892 2179 1047 2237 arguit,
1083 2180 1143 2222 ita
1166 2174 1262 2230 effe,
1295 2184 1346 2222 vt
1363 2172 1566 2226 diximus,

162 2244 206 2289 h.
227 2260 263 2290 e.
284 2240 447 2290 veniffe
468 2245 518 2289 iis
537 2245 580 2288 in
598 2253 796 2289 mentem
817 2243 869 2289 de
890 2245 1099 2290 vaticiniis
1120 2244 1215 2290 illis.
1227 2283 1234 2288 ,Α
1279 2245 1399 2288 Nam
1414 2276 1423 2294 ‚
1458 2236 1488 2283 fi
1511 2238 1567 2283 de

164 2311 494 2375 proselytorum
527 2310 742 2375 baptismo
761 2310 1036 2372 cogitabant,
1075 2311 1183 2375 quid
1203 2308 1247 2356 id
1267 2306 1321 2356 ad
1342 2312 1567 2360 loannem,

167 2379 242 2441 qui
273 2377 458 2426 Iudaeos
490 2377 709 2443 baptismo
741 2378 1043 2443 impertiebat:
1099 2377 1278 2433 deinde,
1310 2375 1419 2440 quid
1444 2384 1568 2436 ‘opus

166 2447 315 2492 mirari
334 2443 583 2494 institutum
604 2447 802 2502 Ioannis,
838 2446 894 2493 de
917 2463 970 2494 eo
994 2444 1217 2509 publicum
1242 2442 1470 2491 confilium
1494 2442 1568 2485 ha-

166 2510 298 2570 bere,
329 2512 508 2577 publice
527 2516 703 2561 mittere
723 2514 925 2576 legatos?
969 2511 1039 2559 sed
1059 2513 1155 2559 illos
1174 2511 1288 2576 ipsos
1311 2512 1570 2559 Patres‘non

169 2580 320 2629 minus
338 2597 390 2628 ac
409 2582 590 2645 plebem
603 2617 615 2639 ,
658 2580 805 2631 audita
825 2598 895 2640 re,
931 2574 1156 2647 perculsos
1187 2577 1273 2628 ess'e
1291 2577 1569 2691 cogitatigpe
