1682 3068
369 168 428 198 11ae
471 164 767 196 lummene
819 162 1230 195 coxan-mmmm
1403 155 1501 210 279

43 263 54 317 ,’
99 274 195 339 ipso
222 273 262 337 §.
287 280 351 331 87
365 263 465 338 sqqs
552 270 636 317 Sed
657 267 823 317 habent
851 272 982 318 etiam
1019 272 1202 335 propria
1229 267 1501 317 documenta

20 338 30 402 J
97 342 318 389 bonitatis
340 341 630 403 etsapientiae
651 337 845 394 diuinae,
892 340 938 384 in
963 355 1019 384 eo
1040 341 1247 394 maxime,
1289 336 1415 413 quod
1452 339 1501 383 in

97 411 154 455 iis
175 405 238 454 est
254 408 412 471 pignus
432 405 535 452 fidei
567 405 847 469 perspicuum
870 416 917 451 et
944 403 1161 463 sensibile,
1202 416 1250 452 et
1267 407 1332 452 vis
1351 402 1406 451 ad
1424 421 1498 451 ro·

97 475 338 528 hortandam·
361 472 495 520 fidem
523 471 842 537 promiffomm
872 471 1152 528 diuinorum,
1205 475 1497 536 amoremque

92 541 296 590 'aduersus
316 543 465 587 Deum
489 541 789 604 hominesque
808 537 1185 587 inflammandum.
1241 544 1355 588 Cum
1372 540 1508 605 'euim‘

90 607 220 656 fitca
231 601 482 655 'hominum
504 619 679 663 natura,
719 619 769 655 vt
797 605 988 664 sensibus
1008 607 1133 654 valde
1152 608 1386 662 ducantur,
1425 609 1495 654 iis·

51 678 56 682 ’
89 674 487 740 ‹jue'res'quaeque
508 677 567 722 ita
587 677 752 722 certior
768 675 991 731 videatur,
1036 685 1087 721 vt
1112 678 1248 737 magis
1267 675 1322 722 ad
1348 675 1492 723 seusus

69 743 299 808 pertinet,
332 754 410 790 aut
428 760 512 808 por
534 743 681 790 sensus
701 744 966 807 percipitur:
998 759 1091 789 non
1113 759 1205 807 quo
1226 761 1296 788 res
1314 741 1490 790 senfibi·

0 807 1 843 ἶ
67 811 155 858 les
181 809 257 856 sua
273 821 428 858 natura
453 813 667 858 certiores
697 809 781 858 fint
806 808 1179 872 intelligibssibus,
1222 822 1268 856 et
1293 809 1492 874 inadspea

85 875 336 932 stabilibus,
367 877 439 926 sed
458 878 582 943 quod
602 878 747 926 sensus
769 895 944 935 earum,
973 888 1021 925 et
1038 876 1326 932 certitudinis,
1345 881 1487 925 acrior

86 941 150 991 est
165 955 212 992 ct
228 944 417 993 vinidior
434 948 479 992 in
503 949 658 994 animis
677 950 906 994 humanis:
942 944 1157 1011 profeant·
1173 961 1384 1006 magnum
1407 944 1484 992 be·

82 1011 292 1059 aeficium
310 1013 543 1078 sapientiae
561 1014 739 1061 diuinae
757 1015 902 1080 putari
920 1012 1067 1067 debet,
1097 1013 1223 1077 quod
1240 1030 1321 1077 per
1339 1015 1484 1060 Sacra-

80 1091 345 1128 mentorum
364 1078 557 1128 instituta
577 1081 771 1146 quodam
802 1081 942 1129 modo
962 1080 1016 1128 ad
1035 1081 1178 1128 sensus
1196 1080 1315 1145 ipsos
1335 1078 1485 1128 admo·

43 1172 49 1175 *
80 1149 148 1195 vit
166 1147 483 1196 certitudinem
502 1148 814 1214 promissorum
831 1150 1033 1206 suorum,
1064 1160 1196 1214 atque
1216 1150 1275 1196 ita
1294 1165 1373 1195 eos
1403 1165 1481 1196 vo-

81 1217 202 1262 o'auit
219 1217 264 1262 in
283 1220 654 1265 communionem
674 1216 778 1264 fidei
791 1253 803 1271 ‚
845 1230 895 1264 vt
913 1234 996 1281 per
1015 1233 1173 1264 eorum
1194 1218 1285 1263 vim
1310 1216 1484 1263 adiuua-

79 1293 207 1329 retur
246 1281 350 1328 fidei
388 1284 610 1331 certitudo
650 1296 697 1331 et
738 1295 970 1332 acueretur
1010 1284 1287 1331 certitudinis
1321 1284 1482 1331 seusus.

80 1348 478 1410 Quemadmodum
501 1354 636 1412 igitur
665 1351 894 1416 quondam
915 1354 1040 1398 Deus
1068 1351 1224 1398 iridem
1244 1349 1482 1399 coelestem

79 1415 278 1463 adiunxit
304 1418 603 1482 promiffioni,
654 1436 738 1483 qua
770 1421 979 1468 timorem
1011 1418 1163 1467 diluuii
1190 1419 1308 1474 talis,
1352 1418 1482 1483 quale

77 1485 364 1532 Noachicum
382 1485 545 1542 fixerat,
579 1503 633 1533 ex
658 1489 814 1534 animis
833 1487 1067 1534 hominum
1093 1486 1289 1542 tolleret,
1331 1499 1382 1533 vt
1415 1487 1482 1550 pi-

77 1567 195 1612 gnus
209 1549 379 1611 ‚vissbile
394 1552 695 1618 promiffionis
717 1554 948 1612 haberent,
980 1552 1365 1619 existimarentque
1383 1562 1477 1602 tam

77 1624 250 1669 eertum
267 1620 382 1667 illius
408 1621 707 1685 promissionis
735 1633 950 1669 euentum
978 1621 1097 1677 fore,
1134 1639 1268 1686 quam
1304 1631 1478 1670 certum

56 1688 59 1690 ’
77 1685 203 1742 effes,
246 1686 290 1751 so
304 1688 423 1734 illam
443 1690 562 1736 iridis
582 1690 773 1754 speciem
795 1690 937 1738 oculis
960 1705 1167 1736 cer-neret
1204 1689 1261 1736 fic
1279 1706 1315 1735 e.
1336 1706 1374 1735 c.
1392 1692 1476 1736 Eu-

75 1751 306 1802 charistiae*
323 1755 595 1804 sacramento
625 1756 844 1815 instituto,
895 1759 1012 1805 hanc
1046 1758 1179 1805 nobis
1216 1756 1476 1805 facultatem

74 1821 216 1880 dodim
244 1833 293 1869 vt
309 1825 356 1869 in
374 1823 550 1872 edendo
569 1842 621 1872 ac
639 1824 835 1873 bibendo
858 1829 1124 1888 cogitemus,
1153 1842 1287 1890 quam
1300 1835 1474 1873 certum

72 1887 278 1944 fit‚'·-nos
306 1889 432 1938 hunc
452 1909 638 1956 panem,
685 1906 819 1959 atque
847 1893 937 1942 hoc
963 1897 1117 1941 vinum
1146 1893 1236 1940 hoc
1263 1903 1472 1957 tempore

74 1956 205 2003 edere
218 1972 272 2003 ac
289 1956 463 2014 bibere,
496 1972 587 2007 tam
608 1973 773 2008 certam
792 1959 878 2008 ess'e
899 1963 1073 2008 veniam
1091 1972 1377 2026 peccatorum
1389 1976 1472 2007 no-

72 2021 265 2070 strorum
284 2035 475 2088 propter
489 2030 519 2072 Ι.
538 2031 588 2074 C.
605 2038 694 2076 tam
716 2040 882 2076 certam
910 2030 1032 2094 spem
1060 2029 1216 2076 salutis.
1314 2034 1471 2092 Atque

71 2094 124 2138 v't
152 2091 223 2138 illa
254 2091 471 2140 certitudo
498 2095 631 2142 etiam
658 2094 840 2144 sanfflor
867 2107 913 2143 et
942 2095 1167 2144 amabilior
1194 2093 1322 2153 esset,
1370 2112 1470 2143 eam

71 2175 166 2206 non
184 2169 363 2223 paneet
380 2162 486 2208 vino
515 2164 768 2226 promiscuo
793 2181 844 2211 ac
869 2160 995 2227 ψιλῷ
1020 2163 1238 2211 sumendo
1260 2162 1355 2210 fieri
1387 2180 1468 2210 vo-

71 2226 180 2283 luit,
212 2225 284 2272 sed
303 2226 543 2287 augustiori
561 2246 610 2276 re
628 2229 842 2287 adiunaa,
873 2233 1083 2292 sanguine
1102 2241 1149 2277 et
1166 2247 1362 2297 corpore
1372 2233 1467 2278 Do-

7 2315 14 2322 ·
70 2296 180 2340 mini
199 2291 335 2340 nostri
355 2294 450 2342 Iesu
468 2295 648 2356 christi,
687 2315 769 2363 per
788 2315 924 2363 quem
943 2300 1013 2346 illa
1033 2301 1158 2346 venia
1175 2309 1466 2363 peccatorum

70 2372 119 2408 et
135 2362 232 2426 'spes
253 2361 399 2408 salutis
416 2374 621 2412 aeternae
634 2372 759 2430 parta
776 2364 850 2414 est.
920 2365 1096 2422 Quibus
1117 2366 1463 2427 cogitationibus

69 2445 123 2476 ac
140 2426 331 2476 senfibus
347 2430 503 2493 plenus
521 2434 568 2479 in
590 2432 843 2497 accipiendo
864 2436 1056 2490 animus,
1095 2434 1243 2482 salutis
1258 2434 1473 2500 cupidus,·

68 2495 253 2543 mirifice
270 2494 559 2546 confirmetur
576 2498 747 2547 neceffe
765 2499 849 2556 est,
878 2512 925 2548 et
942 2518 1023 2566 per
1048 2502 1164 2549 hanc
1184 2501 1317 2567 ipsam
1352 2517 1460 2549 con-

67 2562 365 2611 firmationem
391 2568 617 2632 expleatur
641 2568 944 2616 consolatione
982 2581 1030 2617 et
1056 2570 1221 2616 laetitia
1246 2568 1462 2619 veriffima

68 2646 121 2680 ae
136 2630 383 2682 dulciffima.
459 2638 563 2683 Hae
586 2653 728 2703 porro
755 2634 1003 2689 refleffltur
1019 2639 1192 2687 animus
1209 2638 1273 2706 'ad
1289 2641 1460 2698 eogita-

759 2706 789 2753 S
816 2720 846 2764 4
1283 2707 1460 2753 tionem
