<?xml version="1.0" encoding="UTF-8"?>
<!DOCTYPE html PUBLIC "-//W3C//DTD XHTML 1.0 Transitional//EN"
    "http://www.w3.org/TR/xhtml1/DTD/xhtml1-transitional.dtd">
<html xmlns="http://www.w3.org/1999/xhtml" xml:lang="en" lang="en">
 <head>
  <title>
</title>
<meta http-equiv="Content-Type" content="text/html;charset=utf-8" />
  <meta name='ocr-system' content='tesseract 3.04.00' />
  <meta name='ocr-capabilities' content='ocr_page ocr_carea ocr_par ocr_line ocrx_word'/>
</head>
<body>
  <div class='ocr_page' id='page_1' title='image "./opusculatheologi00erneuoft_0389.png"; bbox 0 0 1682 3068; ppageno 0'>
   <div class='ocr_carea' id='block_1_1' title="bbox 290 122 1495 194">
    <p class='ocr_par' dir='ltr' id='par_1_1' title="bbox 290 122 1495 194">
     <span class='ocr_line' id='line_1_1' title="bbox 290 122 1495 194; baseline -0.002 -12"><span class='ocrx_word' id='word_1_1' title='bbox 290 148 729 183; x_wconf 61' lang='lat' dir='ltr'>inminuti-Ioum</span> <span class='ocrx_word' id='word_1_2' title='bbox 761 122 891 178; x_wconf 73' lang='lat' dir='ltr'>riui</span> <span class='ocrx_word' id='word_1_3' title='bbox 925 148 1015 178; x_wconf 76' lang='lat' dir='ltr'>nn</span> <span class='ocrx_word' id='word_1_4' title='bbox 1043 147 1312 178; x_wconf 56' lang='lat' dir='ltr'>Assenra.</span> <span class='ocrx_word' id='word_1_5' title='bbox 1394 132 1495 194; x_wconf 77' lang='lat'>367</span> 
     </span>
    </p>
   </div>
   <div class='ocr_carea' id='block_1_2' title="bbox 0 254 1496 2743">
    <p class='ocr_par' dir='ltr' id='par_1_2' title="bbox 59 254 1491 394">
     <span class='ocr_line' id='line_1_2' title="bbox 59 254 1491 319; baseline -0.004 -12"><span class='ocrx_word' id='word_1_6' title='bbox 59 268 63 272; x_wconf 85' lang='lat'>&#39;</span> <span class='ocrx_word' id='word_1_7' title='bbox 89 258 283 312; x_wconf 72' lang='lat' dir='ltr'>tuendae</span> <span class='ocrx_word' id='word_1_8' title='bbox 311 258 552 307; x_wconf 76' lang='lat' dir='ltr'>voluntate.</span> <span class='ocrx_word' id='word_1_9' title='bbox 653 257 759 302; x_wconf 87' lang='lat' dir='ltr'>Nee</span> <span class='ocrx_word' id='word_1_10' title='bbox 776 254 914 301; x_wconf 83' lang='lat' dir='ltr'><strong>refert</strong></span> <span class='ocrx_word' id='word_1_11' title='bbox 932 256 1105 319; x_wconf 81' lang='lat' dir='ltr'>vtique,</span> <span class='ocrx_word' id='word_1_12' title='bbox 1135 263 1245 302; x_wconf 66' lang='lat' dir='ltr'>vti-a</span> <span class='ocrx_word' id='word_1_13' title='bbox 1270 260 1322 306; x_wconf 61' lang='lat' dir='ltr'>m</span> <span class='ocrx_word' id='word_1_14' title='bbox 1346 255 1491 315; x_wconf 71' lang='lat' dir='ltr'>magis</span> 
     </span>
     <span class='ocr_line' id='line_1_3' title="bbox 86 320 1490 394; baseline -0.004 -18"><span class='ocrx_word' id='word_1_15' title='bbox 86 327 285 394; x_wconf 82' lang='lat' dir='ltr'>patefiat,</span> <span class='ocrx_word' id='word_1_16' title='bbox 301 326 394 377; x_wconf 75' lang='lat' dir='ltr'>fine</span> <span class='ocrx_word' id='word_1_17' title='bbox 410 342 468 374; x_wconf 85' lang='lat' dir='ltr'>au</span> <span class='ocrx_word' id='word_1_18' title='bbox 485 320 658 378; x_wconf 77' lang='lat' dir='ltr'>cauffis;</span> <span class='ocrx_word' id='word_1_19' title='bbox 684 321 715 368; x_wconf 83' lang='lat' dir='ltr'>fi</span> <span class='ocrx_word' id='word_1_20' title='bbox 730 321 868 368; x_wconf 88' lang='lat' dir='ltr'>modo</span> <span class='ocrx_word' id='word_1_21' title='bbox 886 321 1120 369; x_wconf 84' lang='lat' dir='ltr'>illustratur</span> <span class='ocrx_word' id='word_1_22' title='bbox 1137 321 1490 383; x_wconf 60' lang='lat' dir='ltr'>luculentiffime5</span> 
     </span>
    </p>

    <p class='ocr_par' dir='ltr' id='par_1_3' title="bbox 36 385 1492 732">
     <span class='ocr_line' id='line_1_4' title="bbox 36 385 1490 460; baseline 0 -18"><span class='ocrx_word' id='word_1_23' title='bbox 36 385 38 387; x_wconf 36' lang='grc'><strong><em>’</em></strong></span> <span class='ocrx_word' id='word_1_24' title='bbox 89 395 212 460; x_wconf 88' lang='lat' dir='ltr'>quod</span> <span class='ocrx_word' id='word_1_25' title='bbox 231 395 455 455; x_wconf 75' lang='lat' dir='ltr'>agebatur,</span> <span class='ocrx_word' id='word_1_26' title='bbox 467 427 471 430; x_wconf 78' lang='lat'><em>-</em></span> <span class='ocrx_word' id='word_1_27' title='bbox 485 402 533 438; x_wconf 90' lang='lat' dir='ltr'>et</span> <span class='ocrx_word' id='word_1_28' title='bbox 548 391 722 455; x_wconf 82' lang='lat' dir='ltr'>semper</span> <span class='ocrx_word' id='word_1_29' title='bbox 741 407 765 436; x_wconf 87' lang='lat' dir='ltr'>a</span> <span class='ocrx_word' id='word_1_30' title='bbox 784 393 885 435; x_wconf 88' lang='lat' dir='ltr'>Deo</span> <span class='ocrx_word' id='word_1_31' title='bbox 906 387 1053 437; x_wconf 69' lang='lat' dir='ltr'>astum</span> <span class='ocrx_word' id='word_1_32' title='bbox 1073 388 1146 437; x_wconf 81' lang='lat' dir='ltr'>est.</span> <span class='ocrx_word' id='word_1_33' title='bbox 1192 394 1363 455; x_wconf 80' lang='lat' dir='ltr'>Neque</span> <span class='ocrx_word' id='word_1_34' title='bbox 1381 406 1490 442; x_wconf 70' lang='lat' dir='ltr'>vero,</span> 
     </span>
     <span class='ocr_line' id='line_1_5' title="bbox 88 457 1490 523; baseline -0.002 -13"><span class='ocrx_word' id='word_1_35' title='bbox 88 465 196 519; x_wconf 86' lang='lat' dir='ltr'>vlla,</span> <span class='ocrx_word' id='word_1_36' title='bbox 232 474 283 510; x_wconf 81' lang='lat' dir='ltr'>vt</span> <span class='ocrx_word' id='word_1_37' title='bbox 301 464 362 509; x_wconf 74' lang='lat' dir='ltr'>ita</span> <span class='ocrx_word' id='word_1_38' title='bbox 375 460 598 513; x_wconf 72' lang='lat' dir='ltr'>dicemuS,</span> <span class='ocrx_word' id='word_1_39' title='bbox 630 457 831 522; x_wconf 85' lang='lat' dir='ltr'>impensa</span> <span class='ocrx_word' id='word_1_40' title='bbox 853 458 982 503; x_wconf 84' lang='lat' dir='ltr'>nimis</span> <span class='ocrx_word' id='word_1_41' title='bbox 1001 475 1159 519; x_wconf 86' lang='lat' dir='ltr'>magna</span> <span class='ocrx_word' id='word_1_42' title='bbox 1178 457 1251 516; x_wconf 86' lang='lat' dir='ltr'>est,</span> <span class='ocrx_word' id='word_1_43' title='bbox 1282 476 1395 523; x_wconf 83' lang='lat' dir='ltr'>quae</span> <span class='ocrx_word' id='word_1_44' title='bbox 1412 457 1490 508; x_wconf 73' lang='lat' dir='ltr'>fiat</span> 
     </span>
     <span class='ocr_line' id='line_1_6' title="bbox 88 522 1491 593; baseline -0.003 -14"><span class='ocrx_word' id='word_1_45' title='bbox 88 532 256 593; x_wconf 76' lang='lat' dir='ltr'>gloriae</span> <span class='ocrx_word' id='word_1_46' title='bbox 277 529 450 576; x_wconf 85' lang='lat' dir='ltr'>diuinae</span> <span class='ocrx_word' id='word_1_47' title='bbox 468 524 627 573; x_wconf 79' lang='lat' dir='ltr'>cauffa:</span> <span class='ocrx_word' id='word_1_48' title='bbox 669 537 717 571; x_wconf 88' lang='lat' dir='ltr'>et</span> <span class='ocrx_word' id='word_1_49' title='bbox 734 522 762 570; x_wconf 81' lang='lat' dir='ltr'>fi</span> <span class='ocrx_word' id='word_1_50' title='bbox 785 526 926 571; x_wconf 89' lang='lat' dir='ltr'>homo</span> <span class='ocrx_word' id='word_1_51' title='bbox 949 541 1045 571; x_wconf 90' lang='lat' dir='ltr'>non</span> <span class='ocrx_word' id='word_1_52' title='bbox 1063 537 1158 572; x_wconf 88' lang='lat' dir='ltr'>erat</span> <span class='ocrx_word' id='word_1_53' title='bbox 1174 525 1351 588; x_wconf 84' lang='lat' dir='ltr'>dignus,</span> <span class='ocrx_word' id='word_1_54' title='bbox 1383 545 1491 592; x_wconf 88' lang='lat' dir='ltr'>pro-</span> 
     </span>
     <span class='ocr_line' id='line_1_7' title="bbox 86 591 1491 664; baseline -0.002 -18"><span class='ocrx_word' id='word_1_55' title='bbox 86 611 194 664; x_wconf 79' lang='lat' dir='ltr'>pter</span> <span class='ocrx_word' id='word_1_56' title='bbox 213 614 346 662; x_wconf 82' lang='lat' dir='ltr'>quem</span> <span class='ocrx_word' id='word_1_57' title='bbox 365 608 414 643; x_wconf 86' lang='lat' dir='ltr'>et</span> <span class='ocrx_word' id='word_1_58' title='bbox 435 605 622 659; x_wconf 82' lang='lat' dir='ltr'>propter</span> <span class='ocrx_word' id='word_1_59' title='bbox 646 594 773 639; x_wconf 84' lang='lat' dir='ltr'>cuius</span> <span class='ocrx_word' id='word_1_60' title='bbox 802 591 987 639; x_wconf 80' lang='lat' dir='ltr'>salutem</span> <span class='ocrx_word' id='word_1_61' title='bbox 1015 610 1086 639; x_wconf 85' lang='lat' dir='ltr'>res</span> <span class='ocrx_word' id='word_1_62' title='bbox 1106 604 1252 651; x_wconf 78' lang='lat' dir='ltr'>tanta,</span> <span class='ocrx_word' id='word_1_63' title='bbox 1295 605 1388 642; x_wconf 84' lang='lat' dir='ltr'>tam</span> <span class='ocrx_word' id='word_1_64' title='bbox 1422 596 1491 643; x_wconf 87' lang='lat' dir='ltr'>su·</span> 
     </span>
     <span class='ocr_line' id='line_1_8' title="bbox 86 660 1492 732; baseline 0 -23"><span class='ocrx_word' id='word_1_65' title='bbox 86 683 247 732; x_wconf 78' lang='lat' dir='ltr'>perans</span> <span class='ocrx_word' id='word_1_66' title='bbox 257 661 624 729; x_wconf 57' lang='lat' dir='ltr'>aspostationem</span> <span class='ocrx_word' id='word_1_67' title='bbox 636 672 681 707; x_wconf 84' lang='lat' dir='ltr'>et</span> <span class='ocrx_word' id='word_1_68' title='bbox 692 671 872 724; x_wconf 86' lang='lat' dir='ltr'>captum</span> <span class='ocrx_word' id='word_1_69' title='bbox 886 662 1138 718; x_wconf 89' lang='lat' dir='ltr'>hominum,</span> <span class='ocrx_word' id='word_1_70' title='bbox 1149 660 1288 719; x_wconf 84' lang='lat' dir='ltr'>fieret,</span> <span class='ocrx_word' id='word_1_71' title='bbox 1297 663 1419 727; x_wconf 82' lang='lat' dir='ltr'>quod</span> <span class='ocrx_word' id='word_1_72' title='bbox 1430 663 1492 711; x_wconf 56' lang='lat' dir='ltr'>fa*</span> 
     </span>
    </p>

    <p class='ocr_par' dir='ltr' id='par_1_4' title="bbox 46 726 1494 998">
     <span class='ocr_line' id='line_1_9' title="bbox 46 726 1492 795; baseline 0.001 -17"><span class='ocrx_word' id='word_1_73' title='bbox 46 743 49 746; x_wconf 80' lang='grc'><em>’</em></span> <span class='ocrx_word' id='word_1_74' title='bbox 88 745 238 782; x_wconf 61' lang='lat' dir='ltr'>tamur</span> <span class='ocrx_word' id='word_1_75' title='bbox 246 733 374 787; x_wconf 66' lang='lat' dir='ltr'>uin-o,</span> <span class='ocrx_word' id='word_1_76' title='bbox 383 728 496 779; x_wconf 87' lang='lat' dir='ltr'>adde</span> <span class='ocrx_word' id='word_1_77' title='bbox 507 732 654 785; x_wconf 88' lang='lat' dir='ltr'>etiam,</span> <span class='ocrx_word' id='word_1_78' title='bbox 664 727 694 774; x_wconf 82' lang='lat' dir='ltr'>fi</span> <span class='ocrx_word' id='word_1_79' title='bbox 707 728 845 783; x_wconf 84' lang='lat' dir='ltr'>lubet,</span> <span class='ocrx_word' id='word_1_80' title='bbox 857 726 1177 782; x_wconf 78' lang='lat' dir='ltr'>neceffitatem;</span> <span class='ocrx_word' id='word_1_81' title='bbox 1210 743 1253 776; x_wconf 88' lang='lat' dir='ltr'>at</span> <span class='ocrx_word' id='word_1_82' title='bbox 1264 734 1385 777; x_wconf 88' lang='lat' dir='ltr'>Deus</span> <span class='ocrx_word' id='word_1_83' title='bbox 1398 731 1492 795; x_wconf 75' lang='lat' dir='ltr'>ipse</span> 
     </span>
     <span class='ocr_line' id='line_1_10' title="bbox 90 789 1493 862; baseline 0 -15"><span class='ocrx_word' id='word_1_84' title='bbox 90 789 247 862; x_wconf 76' lang='lat' dir='ltr'>dignus</span> <span class='ocrx_word' id='word_1_85' title='bbox 256 810 364 855; x_wconf 78' lang='lat' dir='ltr'>etat,</span> <span class='ocrx_word' id='word_1_86' title='bbox 383 800 461 862; x_wconf 88' lang='lat' dir='ltr'>qui</span> <span class='ocrx_word' id='word_1_87' title='bbox 470 798 646 853; x_wconf 80' lang='lat' dir='ltr'>faceret,</span> <span class='ocrx_word' id='word_1_88' title='bbox 665 797 802 857; x_wconf 87' lang='lat' dir='ltr'>digna</span> <span class='ocrx_word' id='word_1_89' title='bbox 812 799 906 843; x_wconf 85' lang='lat' dir='ltr'>eius</span> <span class='ocrx_word' id='word_1_90' title='bbox 918 795 1091 844; x_wconf 82' lang='lat' dir='ltr'>infinita</span> <span class='ocrx_word' id='word_1_91' title='bbox 1099 795 1280 853; x_wconf 81' lang='lat' dir='ltr'>bonitas,</span> <span class='ocrx_word' id='word_1_92' title='bbox 1301 800 1373 845; x_wconf 92' lang='lat' dir='ltr'>cui</span> <span class='ocrx_word' id='word_1_93' title='bbox 1391 800 1493 847; x_wconf 91' lang='lat' dir='ltr'>illu-</span> 
     </span>
     <span class='ocr_line' id='line_1_11' title="bbox 86 856 1494 928; baseline 0 -14"><span class='ocrx_word' id='word_1_94' title='bbox 86 866 286 918; x_wconf 68' lang='lat' dir='ltr'>flandae</span> <span class='ocrx_word' id='word_1_95' title='bbox 295 883 366 915; x_wconf 84' lang='lat' dir='ltr'>res</span> <span class='ocrx_word' id='word_1_96' title='bbox 384 875 507 913; x_wconf 83' lang='lat' dir='ltr'>tanta</span> <span class='ocrx_word' id='word_1_97' title='bbox 517 864 861 912; x_wconf 84' lang='lat' dir='ltr'>condonaretur.</span> <span class='ocrx_word' id='word_1_98' title='bbox 898 856 1130 912; x_wconf 80' lang='lat' dir='ltr'>Mittimus</span> <span class='ocrx_word' id='word_1_99' title='bbox 1150 862 1242 921; x_wconf 83' lang='lat' dir='ltr'>alia,</span> <span class='ocrx_word' id='word_1_100' title='bbox 1260 882 1372 928; x_wconf 90' lang='lat' dir='ltr'>quae</span> <span class='ocrx_word' id='word_1_101' title='bbox 1390 867 1494 916; x_wconf 76' lang='lat' dir='ltr'>sunt</span> 
     </span>
     <span class='ocr_line' id='line_1_12' title="bbox 86 931 1421 998; baseline -0.002 -13"><span class='ocrx_word' id='word_1_102' title='bbox 86 936 173 985; x_wconf 72' lang='lat' dir='ltr'>alio</span> <span class='ocrx_word' id='word_1_103' title='bbox 190 935 294 982; x_wconf 86' lang='lat' dir='ltr'>loco</span> <span class='ocrx_word' id='word_1_104' title='bbox 313 935 441 981; x_wconf 85' lang='lat' dir='ltr'>latius</span> <span class='ocrx_word' id='word_1_105' title='bbox 463 933 702 998; x_wconf 81' lang='lat' dir='ltr'>disputata,</span> <span class='ocrx_word' id='word_1_106' title='bbox 736 949 822 980; x_wconf 88' lang='lat' dir='ltr'>nee</span> <span class='ocrx_word' id='word_1_107' title='bbox 841 933 914 978; x_wconf 89' lang='lat' dir='ltr'>hic</span> <span class='ocrx_word' id='word_1_108' title='bbox 932 942 1139 996; x_wconf 82' lang='lat' dir='ltr'>repetere</span> <span class='ocrx_word' id='word_1_109' title='bbox 1157 931 1329 980; x_wconf 75' lang='lat' dir='ltr'>necesse</span> <span class='ocrx_word' id='word_1_110' title='bbox 1348 932 1421 982; x_wconf 86' lang='lat' dir='ltr'>est.</span> 
     </span>
    </p>

    <p class='ocr_par' dir='ltr' id='par_1_5' title="bbox 86 999 1494 1270">
     <span class='ocr_line' id='line_1_13' title="bbox 132 999 1493 1066; baseline -0.001 -15"><span class='ocrx_word' id='word_1_111' title='bbox 132 1008 135 1016; x_wconf 86' lang='lat'>&#39;</span> <span class='ocrx_word' id='word_1_112' title='bbox 183 1005 319 1051; x_wconf 83' lang='lat' dir='ltr'>Dicet</span> <span class='ocrx_word' id='word_1_113' title='bbox 338 1002 509 1065; x_wconf 77' lang='lat' dir='ltr'>aliquiS,</span> <span class='ocrx_word' id='word_1_114' title='bbox 537 1018 610 1048; x_wconf 90' lang='lat' dir='ltr'>me</span> <span class='ocrx_word' id='word_1_115' title='bbox 630 1017 723 1048; x_wconf 89' lang='lat' dir='ltr'>non</span> <span class='ocrx_word' id='word_1_116' title='bbox 743 1012 834 1047; x_wconf 85' lang='lat' dir='ltr'>tam</span> <span class='ocrx_word' id='word_1_117' title='bbox 852 1001 943 1047; x_wconf 90' lang='lat' dir='ltr'>hoc</span> <span class='ocrx_word' id='word_1_118' title='bbox 964 999 1174 1056; x_wconf 81' lang='lat' dir='ltr'>offendit,</span> <span class='ocrx_word' id='word_1_119' title='bbox 1196 1000 1319 1066; x_wconf 90' lang='lat' dir='ltr'>quod</span> <span class='ocrx_word' id='word_1_120' title='bbox 1341 1001 1493 1050; x_wconf 66' lang='lat' dir='ltr'>diuina</span> 
     </span>
     <span class='ocr_line' id='line_1_14' title="bbox 86 1065 1493 1133; baseline -0.001 -14"><span class='ocrx_word' id='word_1_121' title='bbox 86 1082 239 1119; x_wconf 73' lang='lat' dir='ltr'>natura</span> <span class='ocrx_word' id='word_1_122' title='bbox 258 1086 364 1118; x_wconf 85' lang='lat' dir='ltr'>eum</span> <span class='ocrx_word' id='word_1_123' title='bbox 386 1070 576 1116; x_wconf 84' lang='lat' dir='ltr'>humana</span> <span class='ocrx_word' id='word_1_124' title='bbox 595 1066 835 1117; x_wconf 70' lang='lat' dir='ltr'>coniunsta</span> <span class='ocrx_word' id='word_1_125' title='bbox 851 1065 937 1114; x_wconf 83' lang='lat' dir='ltr'>est:</span> <span class='ocrx_word' id='word_1_126' title='bbox 979 1080 1025 1116; x_wconf 85' lang='lat' dir='ltr'>at</span> <span class='ocrx_word' id='word_1_127' title='bbox 1050 1068 1187 1125; x_wconf 87' lang='lat' dir='ltr'>illud,</span> <span class='ocrx_word' id='word_1_128' title='bbox 1228 1069 1349 1133; x_wconf 86' lang='lat' dir='ltr'>quod</span> <span class='ocrx_word' id='word_1_129' title='bbox 1383 1069 1493 1122; x_wconf 66' lang='lat' dir='ltr'>cunt</span> 
     </span>
     <span class='ocr_line' id='line_1_15' title="bbox 87 1135 1494 1200; baseline -0.001 -12"><span class='ocrx_word' id='word_1_130' title='bbox 87 1139 272 1189; x_wconf 81' lang='lat' dir='ltr'>homine</span> <span class='ocrx_word' id='word_1_131' title='bbox 296 1135 476 1185; x_wconf 85' lang='lat' dir='ltr'>infimae</span> <span class='ocrx_word' id='word_1_132' title='bbox 490 1136 774 1192; x_wconf 71' lang='lat' dir='ltr'>conditioniS,</span> <span class='ocrx_word' id='word_1_133' title='bbox 790 1139 836 1183; x_wconf 87' lang='lat' dir='ltr'>in</span> <span class='ocrx_word' id='word_1_134' title='bbox 857 1153 950 1200; x_wconf 89' lang='lat' dir='ltr'>quo</span> <span class='ocrx_word' id='word_1_135' title='bbox 977 1153 1071 1185; x_wconf 87' lang='lat' dir='ltr'>non</span> <span class='ocrx_word' id='word_1_136' title='bbox 1089 1135 1230 1184; x_wconf 84' lang='lat' dir='ltr'>modo</span> <span class='ocrx_word' id='word_1_137' title='bbox 1251 1137 1366 1184; x_wconf 90' lang='lat' dir='ltr'>nihil</span> <span class='ocrx_word' id='word_1_138' title='bbox 1383 1136 1494 1186; x_wconf 79' lang='lat' dir='ltr'>effet</span> 
     </span>
     <span class='ocr_line' id='line_1_16' title="bbox 86 1204 1493 1270; baseline 0.001 -17"><span class='ocrx_word' id='word_1_139' title='bbox 86 1224 171 1260; x_wconf 70' lang='lat' dir='ltr'>nec</span> <span class='ocrx_word' id='word_1_140' title='bbox 190 1205 244 1253; x_wconf 78' lang='lat' dir='ltr'>ab</span> <span class='ocrx_word' id='word_1_141' title='bbox 261 1222 447 1266; x_wconf 83' lang='lat' dir='ltr'>genere,</span> <span class='ocrx_word' id='word_1_142' title='bbox 480 1222 564 1251; x_wconf 86' lang='lat' dir='ltr'>nec</span> <span class='ocrx_word' id='word_1_143' title='bbox 585 1205 641 1251; x_wconf 90' lang='lat' dir='ltr'>ab</span> <span class='ocrx_word' id='word_1_144' title='bbox 662 1205 925 1260; x_wconf 84' lang='lat' dir='ltr'>honoribus,</span> <span class='ocrx_word' id='word_1_145' title='bbox 957 1222 1044 1251; x_wconf 88' lang='lat' dir='ltr'>nec</span> <span class='ocrx_word' id='word_1_146' title='bbox 1061 1204 1116 1252; x_wconf 86' lang='lat' dir='ltr'>ab</span> <span class='ocrx_word' id='word_1_147' title='bbox 1132 1206 1285 1269; x_wconf 86' lang='lat' dir='ltr'>copiis,</span> <span class='ocrx_word' id='word_1_148' title='bbox 1306 1207 1493 1270; x_wconf 75' lang='lat' dir='ltr'>aliisque</span> 
     </span>
    </p>

    <p class='ocr_par' dir='ltr' id='par_1_6' title="bbox 0 1271 1496 1743">
     <span class='ocr_line' id='line_1_17' title="bbox 0 1271 1494 1338; baseline -0.001 -15"><span class='ocrx_word' id='word_1_149' title='bbox 0 1290 1 1333; x_wconf 58' lang='grc' dir='ltr'>ξ</span> <span class='ocrx_word' id='word_1_150' title='bbox 87 1273 236 1329; x_wconf 74' lang='lat' dir='ltr'>rebuS,</span> <span class='ocrx_word' id='word_1_151' title='bbox 265 1274 388 1338; x_wconf 88' lang='lat' dir='ltr'>quod</span> <span class='ocrx_word' id='word_1_152' title='bbox 407 1271 670 1332; x_wconf 81' lang='lat' dir='ltr'>dignitatem</span> <span class='ocrx_word' id='word_1_153' title='bbox 690 1272 887 1328; x_wconf 87' lang='lat' dir='ltr'>haberet,</span> <span class='ocrx_word' id='word_1_154' title='bbox 908 1285 1056 1337; x_wconf 82' lang='lat' dir='ltr'>aptam</span> <span class='ocrx_word' id='word_1_155' title='bbox 1076 1272 1237 1336; x_wconf 87' lang='lat' dir='ltr'><strong>hospiti</strong></span> <span class='ocrx_word' id='word_1_156' title='bbox 1260 1284 1399 1327; x_wconf 89' lang='lat' dir='ltr'>tanto,</span> <span class='ocrx_word' id='word_1_157' title='bbox 1419 1274 1494 1322; x_wconf 82' lang='lat' dir='ltr'>sed</span> 
     </span>
     <span class='ocr_line' id='line_1_18' title="bbox 0 1338 1495 1401; baseline 0.001 -13"><span class='ocrx_word' id='word_1_158' title='bbox 0 1338 1 1350; x_wconf 48' lang='lat'>*</span> <span class='ocrx_word' id='word_1_159' title='bbox 91 1344 223 1389; x_wconf 77' lang='lat' dir='ltr'>etiam</span> <span class='ocrx_word' id='word_1_160' title='bbox 234 1356 481 1393; x_wconf 86' lang='lat' dir='ltr'>aerumnae,</span> <span class='ocrx_word' id='word_1_161' title='bbox 501 1340 812 1393; x_wconf 83' lang='lat' dir='ltr'>contumeliae,</span> <span class='ocrx_word' id='word_1_162' title='bbox 825 1355 946 1386; x_wconf 88' lang='lat' dir='ltr'>mors</span> <span class='ocrx_word' id='word_1_163' title='bbox 964 1340 1260 1401; x_wconf 85' lang='lat' dir='ltr'>ignominiosa</span> <span class='ocrx_word' id='word_1_164' title='bbox 1269 1356 1315 1387; x_wconf 81' lang='lat' dir='ltr'>et</span> <span class='ocrx_word' id='word_1_165' title='bbox 1325 1345 1495 1389; x_wconf 51' lang='lat' dir='ltr'>crucias</span> 
     </span>
     <span class='ocr_line' id='line_1_19' title="bbox 89 1405 1495 1473; baseline -0.001 -15"><span class='ocrx_word' id='word_1_166' title='bbox 89 1421 164 1458; x_wconf 81' lang='lat' dir='ltr'>tus</span> <span class='ocrx_word' id='word_1_167' title='bbox 174 1406 439 1473; x_wconf 85' lang='lat' dir='ltr'>pleniffima:</span> <span class='ocrx_word' id='word_1_168' title='bbox 461 1418 507 1454; x_wconf 91' lang='lat' dir='ltr'>et</span> <span class='ocrx_word' id='word_1_169' title='bbox 517 1424 596 1454; x_wconf 86' lang='lat' dir='ltr'>vos</span> <span class='ocrx_word' id='word_1_170' title='bbox 614 1405 691 1471; x_wconf 84' lang='lat' dir='ltr'>ipsi</span> <span class='ocrx_word' id='word_1_171' title='bbox 706 1424 755 1453; x_wconf 83' lang='lat' dir='ltr'>ea</span> <span class='ocrx_word' id='word_1_172' title='bbox 767 1409 1127 1454; x_wconf 86' lang='lat' dir='ltr'>commemoratis</span> <span class='ocrx_word' id='word_1_173' title='bbox 1139 1410 1185 1454; x_wconf 90' lang='lat' dir='ltr'>in</span> <span class='ocrx_word' id='word_1_174' title='bbox 1200 1405 1396 1471; x_wconf 82' lang='lat' dir='ltr'>partibus</span> <span class='ocrx_word' id='word_1_175' title='bbox 1406 1410 1495 1457; x_wconf 87' lang='lat' dir='ltr'>hu·</span> 
     </span>
     <span class='ocr_line' id='line_1_20' title="bbox 88 1471 1493 1542; baseline 0.001 -19"><span class='ocrx_word' id='word_1_176' title='bbox 88 1477 286 1527; x_wconf 75' lang='lat' dir='ltr'>militatis</span> <span class='ocrx_word' id='word_1_177' title='bbox 297 1476 488 1523; x_wconf 77' lang='lat' dir='ltr'>vltimae.</span> <span class='ocrx_word' id='word_1_178' title='bbox 521 1478 649 1521; x_wconf 87' lang='lat' dir='ltr'>Haec</span> <span class='ocrx_word' id='word_1_179' title='bbox 660 1471 720 1520; x_wconf 90' lang='lat' dir='ltr'>est</span> <span class='ocrx_word' id='word_1_180' title='bbox 732 1475 804 1521; x_wconf 85' lang='lat' dir='ltr'>illa</span> <span class='ocrx_word' id='word_1_181' title='bbox 816 1486 942 1521; x_wconf 87' lang='lat' dir='ltr'>vetus</span> <span class='ocrx_word' id='word_1_182' title='bbox 956 1473 1142 1522; x_wconf 81' lang='lat' dir='ltr'>offensio</span> <span class='ocrx_word' id='word_1_183' title='bbox 1154 1474 1320 1523; x_wconf 82' lang='lat' dir='ltr'>Iudaici</span> <span class='ocrx_word' id='word_1_184' title='bbox 1340 1474 1493 1542; x_wconf 85' lang='lat' dir='ltr'>stupo-</span> 
     </span>
     <span class='ocr_line' id='line_1_21' title="bbox 86 1543 1496 1607; baseline 0 -16"><span class='ocrx_word' id='word_1_185' title='bbox 86 1546 160 1598; x_wconf 83' lang='lat' dir='ltr'>ris,</span> <span class='ocrx_word' id='word_1_186' title='bbox 171 1544 446 1607; x_wconf 81' lang='lat' dir='ltr'><strong>omninoque</strong></span> <span class='ocrx_word' id='word_1_187' title='bbox 456 1543 658 1590; x_wconf 90' lang='lat' dir='ltr'>sensuum</span> <span class='ocrx_word' id='word_1_188' title='bbox 672 1554 718 1588; x_wconf 92' lang='lat' dir='ltr'>et</span> <span class='ocrx_word' id='word_1_189' title='bbox 727 1544 924 1589; x_wconf 81' lang='lat' dir='ltr'>vanitatis</span> <span class='ocrx_word' id='word_1_190' title='bbox 936 1544 1172 1599; x_wconf 58' lang='lat' dir='ltr'>humanm,</span> <span class='ocrx_word' id='word_1_191' title='bbox 1190 1561 1284 1591; x_wconf 90' lang='lat' dir='ltr'>non</span> <span class='ocrx_word' id='word_1_192' title='bbox 1294 1562 1424 1592; x_wconf 83' lang='lat' dir='ltr'>verae</span> <span class='ocrx_word' id='word_1_193' title='bbox 1435 1545 1496 1594; x_wconf 79' lang='lat' dir='ltr'>sa·</span> 
     </span>
     <span class='ocr_line' id='line_1_22' title="bbox 84 1609 1493 1679; baseline 0.001 -20"><span class='ocrx_word' id='word_1_194' title='bbox 84 1612 303 1676; x_wconf 77' lang='lat' dir='ltr'>pientiae3</span> <span class='ocrx_word' id='word_1_195' title='bbox 324 1612 521 1674; x_wconf 84' lang='lat' dir='ltr'>quaehic</span> <span class='ocrx_word' id='word_1_196' title='bbox 531 1610 640 1656; x_wconf 91' lang='lat' dir='ltr'>nihil</span> <span class='ocrx_word' id='word_1_197' title='bbox 652 1609 806 1665; x_wconf 49' lang='lat' dir='ltr'>haben</span> <span class='ocrx_word' id='word_1_198' title='bbox 819 1627 912 1672; x_wconf 89' lang='lat' dir='ltr'>quo</span> <span class='ocrx_word' id='word_1_199' title='bbox 924 1609 1188 1668; x_wconf 76' lang='lat' dir='ltr'>offendatur,</span> <span class='ocrx_word' id='word_1_200' title='bbox 1209 1614 1371 1679; x_wconf 80' lang='lat' dir='ltr'>onmia,</span> <span class='ocrx_word' id='word_1_201' title='bbox 1380 1630 1493 1677; x_wconf 81' lang='lat' dir='ltr'>quae</span> 
     </span>
     <span class='ocr_line' id='line_1_23' title="bbox 87 1675 1465 1743; baseline 0.002 -19"><span class='ocrx_word' id='word_1_202' title='bbox 87 1677 294 1730; x_wconf 70' lang='lat' dir='ltr'>hudetac</span> <span class='ocrx_word' id='word_1_203' title='bbox 310 1677 491 1743; x_wconf 89' lang='lat' dir='ltr'>probet,</span> <span class='ocrx_word' id='word_1_204' title='bbox 513 1694 625 1741; x_wconf 89' lang='lat' dir='ltr'>quae</span> <span class='ocrx_word' id='word_1_205' title='bbox 636 1675 891 1741; x_wconf 69' lang='lat' dir='ltr'>sibimetipsi</span> <span class='ocrx_word' id='word_1_206' title='bbox 910 1677 1089 1725; x_wconf 81' lang='lat' dir='ltr'>honesta</span> <span class='ocrx_word' id='word_1_207' title='bbox 1102 1691 1150 1725; x_wconf 90' lang='lat' dir='ltr'>et</span> <span class='ocrx_word' id='word_1_208' title='bbox 1164 1690 1266 1743; x_wconf 79' lang='lat' dir='ltr'>apta</span> <span class='ocrx_word' id='word_1_209' title='bbox 1284 1679 1465 1727; x_wconf 84' lang='lat' dir='ltr'>iudicet.</span> 
     </span>
    </p>

    <p class='ocr_par' dir='ltr' id='par_1_7' title="bbox 178 1744 1493 1810">
     <span class='ocr_line' id='line_1_24' title="bbox 178 1744 1493 1810; baseline 0.002 -17"><span class='ocrx_word' id='word_1_210' title='bbox 178 1750 302 1793; x_wconf 80' lang='lat' dir='ltr'>Nam</span> <span class='ocrx_word' id='word_1_211' title='bbox 314 1744 434 1810; x_wconf 84' lang='lat' dir='ltr'>quid,</span> <span class='ocrx_word' id='word_1_212' title='bbox 450 1748 661 1810; x_wconf 85' lang='lat' dir='ltr'>primum,</span> <span class='ocrx_word' id='word_1_213' title='bbox 682 1745 819 1792; x_wconf 77' lang='lat' dir='ltr'>habet</span> <span class='ocrx_word' id='word_1_214' title='bbox 829 1746 1056 1794; x_wconf 78' lang='lat' dir='ltr'>humilitas</span> <span class='ocrx_word' id='word_1_215' title='bbox 1075 1748 1203 1794; x_wconf 87' lang='lat' dir='ltr'>sortis</span> <span class='ocrx_word' id='word_1_216' title='bbox 1213 1757 1260 1793; x_wconf 88' lang='lat' dir='ltr'>et</span> <span class='ocrx_word' id='word_1_217' title='bbox 1268 1747 1493 1796; x_wconf 85' lang='lat' dir='ltr'>conditio-</span> 
     </span>
    </p>

    <p class='ocr_par' dir='ltr' id='par_1_8' title="bbox 38 1811 1495 2743">
     <span class='ocr_line' id='line_1_25' title="bbox 86 1811 1494 1877; baseline 0.004 -17"><span class='ocrx_word' id='word_1_218' title='bbox 86 1814 171 1872; x_wconf 80' lang='lat' dir='ltr'>nis,</span> <span class='ocrx_word' id='word_1_219' title='bbox 187 1811 309 1877; x_wconf 87' lang='lat' dir='ltr'>quod</span> <span class='ocrx_word' id='word_1_220' title='bbox 320 1829 411 1861; x_wconf 92' lang='lat' dir='ltr'>non</span> <span class='ocrx_word' id='word_1_221' title='bbox 423 1816 661 1861; x_wconf 83' lang='lat' dir='ltr'>conueniat</span> <span class='ocrx_word' id='word_1_222' title='bbox 673 1814 878 1874; x_wconf 85' lang='lat' dir='ltr'>dignitati</span> <span class='ocrx_word' id='word_1_223' title='bbox 892 1816 1125 1862; x_wconf 91' lang='lat' dir='ltr'>incolentis</span> <span class='ocrx_word' id='word_1_224' title='bbox 1136 1815 1353 1863; x_wconf 86' lang='lat' dir='ltr'>humilem</span> <span class='ocrx_word' id='word_1_225' title='bbox 1363 1817 1494 1866; x_wconf 86' lang='lat' dir='ltr'>illum</span> 
     </span>
     <span class='ocr_line' id='line_1_26' title="bbox 86 1880 1493 1933; baseline 0.003 -5"><span class='ocrx_word' id='word_1_226' title='bbox 86 1880 322 1933; x_wconf 77' lang='lat' dir='ltr'>hominem</span> <span class='ocrx_word' id='word_1_227' title='bbox 334 1881 432 1928; x_wconf 81' lang='lat' dir='ltr'>Filii</span> <span class='ocrx_word' id='word_1_228' title='bbox 444 1884 564 1927; x_wconf 82' lang='lat' dir='ltr'>Dei?</span> <span class='ocrx_word' id='word_1_229' title='bbox 593 1898 694 1928; x_wconf 87' lang='lat' dir='ltr'>eum</span> <span class='ocrx_word' id='word_1_230' title='bbox 707 1885 856 1930; x_wconf 83' lang='lat' dir='ltr'>omnis</span> <span class='ocrx_word' id='word_1_231' title='bbox 866 1883 1125 1930; x_wconf 64' lang='lat' dir='ltr'>humiliantis</span> <span class='ocrx_word' id='word_1_232' title='bbox 1138 1883 1359 1931; x_wconf 84' lang='lat' dir='ltr'>humanae</span> <span class='ocrx_word' id='word_1_233' title='bbox 1368 1885 1493 1932; x_wconf 80' lang='lat' dir='ltr'>nulla</span> 
     </span>
     <span class='ocr_line' id='line_1_27' title="bbox 88 1946 1491 2000; baseline 0.003 -5"><span class='ocrx_word' id='word_1_234' title='bbox 88 1946 254 1995; x_wconf 73' lang='lat' dir='ltr'>{iteum</span> <span class='ocrx_word' id='word_1_235' title='bbox 263 1947 399 1994; x_wconf 83' lang='lat' dir='ltr'>rebus</span> <span class='ocrx_word' id='word_1_236' title='bbox 409 1948 571 1994; x_wconf 90' lang='lat' dir='ltr'>diuinis</span> <span class='ocrx_word' id='word_1_237' title='bbox 589 1948 860 1996; x_wconf 72' lang='lat' dir='ltr'>coniunstio.</span> <span class='ocrx_word' id='word_1_238' title='bbox 888 1951 1148 1998; x_wconf 83' lang='lat' dir='ltr'>Humillimi</span> <span class='ocrx_word' id='word_1_239' title='bbox 1164 1950 1263 1998; x_wconf 85' lang='lat' dir='ltr'>sunt</span> <span class='ocrx_word' id='word_1_240' title='bbox 1275 1951 1413 1999; x_wconf 88' lang='lat' dir='ltr'>serui:</span> <span class='ocrx_word' id='word_1_241' title='bbox 1442 1963 1491 2000; x_wconf 83' lang='lat' dir='ltr'>at</span> 
     </span>
     <span class='ocr_line' id='line_1_28' title="bbox 91 2014 1492 2082; baseline 0.004 -21"><span class='ocrx_word' id='word_1_242' title='bbox 91 2014 350 2070; x_wconf 83' lang='lat' dir='ltr'>hominibus</span> <span class='ocrx_word' id='word_1_243' title='bbox 370 2014 607 2061; x_wconf 88' lang='lat' dir='ltr'>humillimi</span> <span class='ocrx_word' id='word_1_244' title='bbox 624 2015 734 2071; x_wconf 85' lang='lat' dir='ltr'>sunt,</span> <span class='ocrx_word' id='word_1_245' title='bbox 754 2032 847 2063; x_wconf 90' lang='lat' dir='ltr'>non</span> <span class='ocrx_word' id='word_1_246' title='bbox 868 2020 993 2063; x_wconf 86' lang='lat' dir='ltr'>Deo:</span> <span class='ocrx_word' id='word_1_247' title='bbox 1023 2020 1101 2082; x_wconf 92' lang='lat' dir='ltr'>qui</span> <span class='ocrx_word' id='word_1_248' title='bbox 1120 2017 1197 2065; x_wconf 84' lang='lat' dir='ltr'>illa</span> <span class='ocrx_word' id='word_1_249' title='bbox 1215 2018 1492 2067; x_wconf 79' lang='lat' dir='ltr'>conditionis</span> 
     </span>
     <span class='ocr_line' id='line_1_29' title="bbox 86 2080 1495 2134; baseline 0.004 -7"><span class='ocrx_word' id='word_1_250' title='bbox 86 2080 313 2129; x_wconf 70' lang='lat' dir='ltr'>humanae</span> <span class='ocrx_word' id='word_1_251' title='bbox 352 2080 602 2129; x_wconf 88' lang='lat' dir='ltr'>discrimina</span> <span class='ocrx_word' id='word_1_252' title='bbox 642 2083 885 2131; x_wconf 70' lang='lat' dir='ltr'>necessitati</span> <span class='ocrx_word' id='word_1_253' title='bbox 919 2084 1142 2132; x_wconf 83' lang='lat' dir='ltr'>societatis</span> <span class='ocrx_word' id='word_1_254' title='bbox 1172 2085 1495 2134; x_wconf 78' lang='lat' dir='ltr'>deuinciendae</span> 
     </span>
     <span class='ocr_line' id='line_1_30' title="bbox 90 2147 1494 2215; baseline 0.005 -20"><span class='ocrx_word' id='word_1_255' title='bbox 90 2149 381 2214; x_wconf 76' lang='lat' dir='ltr'>comparauit,</span> <span class='ocrx_word' id='word_1_256' title='bbox 399 2165 496 2197; x_wconf 92' lang='lat' dir='ltr'>non</span> <span class='ocrx_word' id='word_1_257' title='bbox 515 2147 607 2196; x_wconf 83' lang='lat' dir='ltr'>fibi.</span> <span class='ocrx_word' id='word_1_258' title='bbox 672 2152 810 2197; x_wconf 85' lang='lat' dir='ltr'>Nulla</span> <span class='ocrx_word' id='word_1_259' title='bbox 829 2152 947 2215; x_wconf 88' lang='lat' dir='ltr'>apud</span> <span class='ocrx_word' id='word_1_260' title='bbox 963 2157 1111 2200; x_wconf 86' lang='lat' dir='ltr'>Deum</span> <span class='ocrx_word' id='word_1_261' title='bbox 1129 2154 1244 2200; x_wconf 85' lang='lat' dir='ltr'>ratio</span> <span class='ocrx_word' id='word_1_262' title='bbox 1265 2153 1392 2203; x_wconf 85' lang='lat' dir='ltr'>sortis</span> <span class='ocrx_word' id='word_1_263' title='bbox 1410 2157 1494 2202; x_wconf 70' lang='lat' dir='ltr'>liu-v</span> 
     </span>
     <span class='ocr_line' id='line_1_31' title="bbox 88 2215 1490 2282; baseline 0.004 -17"><span class='ocrx_word' id='word_1_264' title='bbox 88 2232 245 2265; x_wconf 72' lang='lat' dir='ltr'>manae</span> <span class='ocrx_word' id='word_1_265' title='bbox 264 2215 453 2272; x_wconf 84' lang='lat' dir='ltr'>ducitur,</span> <span class='ocrx_word' id='word_1_266' title='bbox 476 2233 561 2264; x_wconf 88' lang='lat' dir='ltr'>nec</span> <span class='ocrx_word' id='word_1_267' title='bbox 578 2219 672 2265; x_wconf 87' lang='lat' dir='ltr'>eius</span> <span class='ocrx_word' id='word_1_268' title='bbox 693 2216 918 2267; x_wconf 76' lang='lat' dir='ltr'>diuersitas</span> <span class='ocrx_word' id='word_1_269' title='bbox 936 2223 1070 2268; x_wconf 85' lang='lat' dir='ltr'>variat</span> <span class='ocrx_word' id='word_1_270' title='bbox 1086 2221 1322 2268; x_wconf 89' lang='lat' dir='ltr'>hominum</span> <span class='ocrx_word' id='word_1_271' title='bbox 1344 2221 1490 2282; x_wconf 65' lang='lat' dir='ltr'>digni-·³</span> 
     </span>
     <span class='ocr_line' id='line_1_32' title="bbox 87 2284 1492 2346; baseline 0.005 -15"><span class='ocrx_word' id='word_1_272' title='bbox 87 2292 242 2331; x_wconf 72' lang='lat' dir='ltr'>tatem.</span> <span class='ocrx_word' id='word_1_273' title='bbox 318 2287 440 2346; x_wconf 67' lang='grc' dir='ltr'>Ετςο</span> <span class='ocrx_word' id='word_1_274' title='bbox 460 2284 514 2332; x_wconf 82' lang='lat' dir='ltr'>ab</span> <span class='ocrx_word' id='word_1_275' title='bbox 533 2285 606 2332; x_wconf 83' lang='lat' dir='ltr'>illa</span> <span class='ocrx_word' id='word_1_276' title='bbox 630 2285 878 2335; x_wconf 85' lang='lat' dir='ltr'>humilitate</span> <span class='ocrx_word' id='word_1_277' title='bbox 898 2289 1011 2335; x_wconf 89' lang='lat' dir='ltr'>nihil</span> <span class='ocrx_word' id='word_1_278' title='bbox 1038 2286 1289 2335; x_wconf 85' lang='lat' dir='ltr'>redundare</span> <span class='ocrx_word' id='word_1_279' title='bbox 1305 2289 1360 2336; x_wconf 85' lang='lat' dir='ltr'>ad</span> <span class='ocrx_word' id='word_1_280' title='bbox 1379 2288 1492 2338; x_wconf 87' lang='lat' dir='ltr'>diui-</span> 
     </span>
     <span class='ocr_line' id='line_1_33' title="bbox 88 2352 1490 2419; baseline 0.003 -20"><span class='ocrx_word' id='word_1_281' title='bbox 88 2367 197 2399; x_wconf 75' lang='lat' dir='ltr'>nam</span> <span class='ocrx_word' id='word_1_282' title='bbox 213 2360 418 2400; x_wconf 74' lang='lat' dir='ltr'>naturam</span> <span class='ocrx_word' id='word_1_283' title='bbox 437 2354 535 2399; x_wconf 88' lang='lat' dir='ltr'>Filii</span> <span class='ocrx_word' id='word_1_284' title='bbox 555 2355 640 2400; x_wconf 87' lang='lat' dir='ltr'>Dei</span> <span class='ocrx_word' id='word_1_285' title='bbox 659 2352 822 2416; x_wconf 84' lang='lat' dir='ltr'>potest,</span> <span class='ocrx_word' id='word_1_286' title='bbox 868 2355 991 2419; x_wconf 89' lang='lat' dir='ltr'>quod</span> <span class='ocrx_word' id='word_1_287' title='bbox 1023 2358 1065 2402; x_wconf 85' lang='lat' dir='ltr'>ei</span> <span class='ocrx_word' id='word_1_288' title='bbox 1085 2355 1138 2402; x_wconf 84' lang='lat' dir='ltr'>fit</span> <span class='ocrx_word' id='word_1_289' title='bbox 1166 2354 1390 2405; x_wconf 84' lang='lat' dir='ltr'>dedecori.</span> <span class='ocrx_word' id='word_1_290' title='bbox 1486 2398 1490 2403; x_wconf 91' lang='lat'><em>.</em></span> 
     </span>
     <span class='ocr_line' id='line_1_34' title="bbox 38 2417 1492 2487; baseline 0.006 -23"><span class='ocrx_word' id='word_1_291' title='bbox 38 2479 40 2481; x_wconf 64' lang='lat'>‚</span> <span class='ocrx_word' id='word_1_292' title='bbox 187 2417 310 2474; x_wconf 88' lang='lat' dir='ltr'>Quid</span> <span class='ocrx_word' id='word_1_293' title='bbox 326 2435 466 2482; x_wconf 88' lang='lat' dir='ltr'>porro</span> <span class='ocrx_word' id='word_1_294' title='bbox 488 2419 572 2467; x_wconf 90' lang='lat' dir='ltr'>dici</span> <span class='ocrx_word' id='word_1_295' title='bbox 589 2419 741 2483; x_wconf 81' lang='lat' dir='ltr'>potest,</span> <span class='ocrx_word' id='word_1_296' title='bbox 761 2435 948 2486; x_wconf 85' lang='lat' dir='ltr'>propter</span> <span class='ocrx_word' id='word_1_297' title='bbox 964 2424 1086 2487; x_wconf 86' lang='lat' dir='ltr'>quod</span> <span class='ocrx_word' id='word_1_298' title='bbox 1100 2439 1214 2487; x_wconf 85' lang='lat' dir='ltr'>opus</span> <span class='ocrx_word' id='word_1_299' title='bbox 1226 2423 1361 2472; x_wconf 82' lang='lat' dir='ltr'>fuerit</span> <span class='ocrx_word' id='word_1_300' title='bbox 1370 2425 1492 2473; x_wconf 81' lang='lat' dir='ltr'>Filio</span> 
     </span>
     <span class='ocr_line' id='line_1_35' title="bbox 89 2485 1491 2556; baseline 0.006 -24"><span class='ocrx_word' id='word_1_301' title='bbox 89 2485 360 2542; x_wconf 45' lang='lat' dir='ltr'>Dei-{iniisti</span> <span class='ocrx_word' id='word_1_302' title='bbox 379 2488 518 2536; x_wconf 88' lang='lat' dir='ltr'>homo</span> <span class='ocrx_word' id='word_1_303' title='bbox 531 2487 676 2544; x_wconf 82' lang='lat' dir='ltr'>vellet,</span> <span class='ocrx_word' id='word_1_304' title='bbox 697 2490 1199 2548; x_wconf 89' lang='lat' dir='ltr'>eiusmodiconditione,</span> <span class='ocrx_word' id='word_1_305' title='bbox 1219 2509 1332 2556; x_wconf 82' lang='lat' dir='ltr'>quae</span> <span class='ocrx_word' id='word_1_306' title='bbox 1348 2493 1491 2540; x_wconf 72' lang='lat' dir='ltr'>abun-</span> 
     </span>
     <span class='ocr_line' id='line_1_36' title="bbox 91 2551 1491 2621; baseline 0.005 -22"><span class='ocrx_word' id='word_1_307' title='bbox 91 2551 216 2605; x_wconf 76' lang='lat' dir='ltr'>daret</span> <span class='ocrx_word' id='word_1_308' title='bbox 231 2557 355 2602; x_wconf 85' lang='lat' dir='ltr'>omni</span> <span class='ocrx_word' id='word_1_309' title='bbox 375 2555 607 2620; x_wconf 87' lang='lat' dir='ltr'>splendore</span> <span class='ocrx_word' id='word_1_310' title='bbox 625 2560 822 2616; x_wconf 61' lang='lat' dir='ltr'>genem,</span> <span class='ocrx_word' id='word_1_311' title='bbox 851 2556 1078 2621; x_wconf 87' lang='lat' dir='ltr'>potestatis</span> <span class='ocrx_word' id='word_1_312' title='bbox 1100 2571 1146 2606; x_wconf 86' lang='lat' dir='ltr'>et</span> <span class='ocrx_word' id='word_1_313' title='bbox 1161 2559 1369 2608; x_wconf 80' lang='lat' dir='ltr'>fortunae</span> <span class='ocrx_word' id='word_1_314' title='bbox 1389 2561 1491 2607; x_wconf 64' lang='lat' dir='ltr'>reli—</span> 
     </span>
     <span class='ocr_line' id='line_1_37' title="bbox 92 2622 1492 2743; baseline 0.004 -74"><span class='ocrx_word' id='word_1_315' title='bbox 92 2623 232 2683; x_wconf 73' lang='lat' dir='ltr'>quae?</span> <span class='ocrx_word' id='word_1_316' title='bbox 261 2623 473 2672; x_wconf 75' lang='lat' dir='ltr'>Humana</span> <span class='ocrx_word' id='word_1_317' title='bbox 490 2622 671 2688; x_wconf 88' lang='lat' dir='ltr'>quidem</span> <span class='ocrx_word' id='word_1_318' title='bbox 687 2628 903 2690; x_wconf 81' lang='lat' dir='ltr'>potentia,</span> <span class='ocrx_word' id='word_1_319' title='bbox 924 2643 1061 2691; x_wconf 79' lang='lat' dir='ltr'>quam</span> <span class='ocrx_word' id='word_1_320' title='bbox 1081 2622 1319 2694; x_wconf 62' lang='lat' dir='ltr'>tantopere</span> <span class='ocrx_word' id='word_1_321' title='bbox 1334 2628 1492 2743; x_wconf 57' lang='lat' dir='ltr'>infiesu</span> 
     </span>
     <span class='ocr_line' id='line_1_38' title="bbox 1326 2694 1490 2743; baseline 0.006 -1"><span class='ocrx_word' id='word_1_322' title='bbox 1326 2694 1380 2742; x_wconf 84' lang='lat' dir='ltr'>de</span> <span class='ocrx_word' id='word_1_323' title='bbox 1398 2696 1490 2743; x_wconf 83' lang='lat' dir='ltr'>ide·</span> 
     </span>
    </p>
   </div>
  </div>
 </body>
</html>
