1682 3068
238 164 334 209 240
534 163 821 193 VINDICIAE
862 163 1112 195 Anntrlux
1152 167 1331 198 nxvnvl

232 270 415 331 ligionis
435 279 578 332 partes
599 268 709 314 nihil
731 267 918 319 habeant
946 268 1191 318 abhorrens
1211 289 1237 318 a
1258 284 1412 326 natura
1434 276 1504 323 vel
1525 275 1632 324 diui·

232 357 287 386 na
315 338 385 383 vel
416 337 629 382 humana:
662 337 827 400 quippe
854 335 897 382 id
928 340 972 383 in
1004 342 1124 384 omui
1151 340 1232 386 hac
1252 335 1544 405 disputatione
1566 347 1630 390 in-

233 406 376 466 telligi
406 405 654 458 voluimus3
687 420 787 450 cum
816 405 927 450 nihil
959 406 1043 452 tale
1070 406 1202 470 possit
1228 426 1250 453 a
1269 411 1371 455 Deo
1402 409 1628 473 proficisci.

229 474 316 521 Sed
338 475 382 519 in
411 489 465 518 eo
498 469 559 517 est
589 487 709 530 mera
732 474 1064 529 conuenientia,
1099 491 1210 537 quae
1233 474 1347 522 hanc
1367 479 1456 523 vim
1479 476 1626 536 habet,

230 554 279 588 vt
300 545 418 588 Deus
446 540 552 586 tales
581 556 650 586 res
680 538 827 602 posiit,
848 540 973 586 *salua
1003 543 1215 587 maiestate
1247 543 1343 601 sua,
1382 543 1624 601 instituere,

230 626 324 655 non
352 621 498 655 autem
529 605 751 653 neceslitas
780 607 888 663 talis,
923 619 969 654 vt
991 608 1222 673 repugnet,
1258 606 1415 658 Deum*
1429 629 1500 658 eas
1530 630 1627 659 non
1676 655 1682 661 .

226 676 464 731 instituere,
500 686 547 722 vt
566 674 753 735 intelligi
776 685 820 721 et
845 676 975 738 plane
996 674 1279 724 demonstrari
1298 678 1442 742 possit,
1477 683 1627 727 Deum

228 762 299 792 eas
318 761 386 791 res
407 743 707 808 praescribere,
739 753 785 788 et
805 743 848 787 in
870 755 996 806 parte
1018 744 1242 802 religionis
1270 762 1439 809 ponere
1459 746 1627 794 debuis-

225 815 279 867 se,
309 811 336 858 fi
366 812 626 859 conseruare
652 809 767 856 suam
799 809 1058 867 bonitatem,
1096 812 1213 858 suam
1243 811 1512 870 sanffitatem
1535 816 1623 862 vel-

223 883 298 935 let,
335 889 382 926 et
402 879 479 926 has
502 877 696 940 denique
724 879 887 942 potiuS,
921 895 1050 940 quam
1074 879 1196 926 alias:
1226 882 1368 943 qualis
1397 881 1622 929 necessitas

222 947 282 1007 est
301 949 344 995 in
368 945 567 1010 partibus
589 946 820 1006 religionis
841 948 948 1000 eius,
983 963 1114 1010 quam
1139 950 1378 995 naturalem
1401 966 1623 1006 vocamuS,

221 1032 339 1080 quae
360 1013 422 1061 est
442 1024 540 1060 tota
565 1013 743 1078 prorsus
767 1011 1018 1059 necessaria:
1051 1013 1164 1060 vnde
1187 1013 1247 1067 fit,
1284 1028 1332 1062 vt
1355 1034 1509 1063 omnes
1529 1019 1622 1063 eius

217 1094 369 1149 partes
396 1083 575 1129 rationis
612 1081 831 1127 humanae
871 1084 934 1127 vis
972 1078 1131 1141 assequi
1167 1081 1318 1146 possit,
1365 1097 1410 1129 et
1438 1083 1623 1138 assecuta

219 1149 294 1199 fit:
320 1148 456 1218 quod,
487 1165 643 1196 omnes
663 1148 826 1204 vident,
862 1150 983 1195 secus
1014 1147 1097 1196 esse
1118 1152 1161 1195 in
1183 1152 1246 1206 iis,
1280 1150 1334 1196 de
1354 1152 1512 1215 quibus
1535 1168 1618 1198 nos

217 1219 502 1283 disputamuS,
536 1217 767 1274 religionis
788 1214 1054 1263 Christianae
1081 1216 1290 1280 partibus.
1359 1220 1468 1265 Illud
1488 1221 1619 1266 etiam

216 1288 430 1338 fatemur,
473 1281 547 1330 ista
575 1283 768 1330 instituta
799 1301 891 1331 non
926 1283 1062 1330 modo
1088 1300 1180 1330 non
1213 1283 1497 1333 abhorrerea
1519 1303 1617 1350 per-

216 1352 410 1403 festione
433 1351 595 1406 diuina,
627 1350 697 1398 sed
719 1352 814 1397 eius
845 1353 979 1398 etiam
1003 1351 1368 1412 magnitudinem,
1402 1355 1488 1400 vim
1509 1353 1616 1400 diui-

214 1440 298 1469 nae
323 1420 615 1481 benignitatis,
645 1417 899 1475 sanssitatiS‚
930 1419 1259 1485 sapientiaeque,
1292 1421 1515 1483 praeclare
1545 1421 1615 1465 de-

214 1488 473 1544 monstrare,
511 1487 555 1533 id
584 1487 705 1551 quod
737 1486 947 1538 omnibus
978 1489 1153 1551 paginis
1184 1487 1377 1534 clamant
1397 1487 1614 1552 Epistulae

213 1559 447 1611 Paullinae,
470 1572 644 1620 nosque
668 1556 844 1619 propria
865 1555 1184 1617 Disputationis
1204 1565 1330 1617 parte
1349 1553 1611 1602 demonstra-

212 1637 338 1673 turos
369 1621 731 1687 profeffi·sumus.
802 1621 887 1667 Sed
916 1638 974 1667 ne
1005 1623 1094 1668 hoc
1123 1621 1301 1684 quidem
1321 1622 1455 1669 talem
1478 1620 1614 1669 efficit

211 1692 524 1745 necessitatem,
560 1690 735 1754 qualem
758 1687 841 1734 effe
869 1690 914 1735 in
944 1688 1216 1735 naturalibus
1236 1690 1460 1750 religionis
1481 1691 1611 1755 parti-
1681 1712 1682 1748 3

209 1761 294 1808 bus
329 1759 526 1805 diximus.
597 1759 861 1820 Sapientiam
888 1754 1054 1803 arbitrii
1083 1755 1222 1804 diuini
1248 1773 1301 1803 ea
1328 1774 1400 1803 res
1422 1757 1609 1805 demon-
1679 1754 1682 1798 l

209 1827 324 1884 strat,
343 1843 435 1873 non
456 1824 680 1872 arbitrium
702 1823 844 1887 ipsum
866 1823 996 1870 tollit.
1050 1828 1219 1888 Neque
1239 1825 1356 1871 enim
1378 1825 1609 1872 arbitrium
1679 1800 1682 1866 l

209 1898 282 1944 sua
301 1906 454 1942 natura
478 1891 681 1956 repudiat
700 1891 958 1949 bonitatem,
986 1889 1206 1949 iustitiam,
1238 1892 1503 1956 sapientiam,
1535 1891 1608 1938 sed
1678 1881 1682 1900 “

211 1964 267 2012 ab
288 1981 338 2010 ea
360 1965 403 2008 in
426 1962 610 2008 homine
628 1963 722 2020 regi
741 1958 882 2015 debet,
911 1960 956 2004 in
976 1959 1081 2008 Deo
1102 1958 1274 2024 semper
1293 1962 1470 2020 regitur,
1501 1972 1607 2018 non,

208 2043 270 2088 vt,
305 2028 516 2096 quicquid
537 2026 591 2074 ab
612 2029 662 2074 iis
683 2044 778 2074 non
799 2026 1020 2084 abhorret,
1052 2026 1096 2073 id
1115 2024 1256 2074 statim
1280 2027 1498 2084 decernat,
1533 2027 1607 2076 sed
1664 2031 1671 2091 ζ’

206 2110 270 2156 vt,
307 2099 429 2163 quod
458 2097 684 2148 decernat,
717 2095 760 2141 id
790 2098 840 2142 iis
870 2095 1046 2158 semper
1072 2095 1332 2151 consentiat,
1362 2095 1406 2142 id
1434 2098 1485 2142 iis
1513 2096 1606 2143 illn-

204 2167 386 2215 strandis
416 2163 565 2230 prosit.
634 2165 763 2216 Quae
792 2162 895 2219 duo,
929 2161 1072 2220 video,
1105 2181 1128 2209 a
1158 2164 1338 2210 nouitiis
1370 2161 1605 2227 disputato-

204 2234 326 2283 ribus
347 2251 502 2299 parum
522 2230 734 2278 subtiliter
753 2229 983 2285 confundi,
1020 2247 1124 2276 curn
1153 2227 1238 2277 sint
1255 2230 1392 2291 longe
1412 2229 1602 2277 diuersa:
1655 2242 1658 2243 ’

204 2321 346 2366 eaque
375 2319 444 2348 res
475 2317 557 2347 nos
585 2299 807 2353 admonet,
839 2307 886 2343 vt
914 2308 1069 2344 contra
1098 2315 1257 2345 eorum
1286 2298 1511 2345 rationem·
1528 2298 1602 2344 ali·
1647 2297 1667 2339 j.

204 2371 310 2435 quid
342 2369 396 2416 de
430 2368 626 2415 vniuersa
652 2366 876 2427 religionis
909 2365 1123 2431 όίκονομίᾳ
1142 2365 1352 2412 dicamus.
1422 2364 1506 2411 Sed
1527 2381 1600 2411 an·
1661 2395 1664 2398 >

201 2449 248 2484 te
266 2436 545 2484 absoluamus
567 2433 626 2491 id,
660 2433 780 2497 quod
801 2449 923 2479 nunc
941 2436 1125 2494 agimuS.
1195 2433 1432 2483 Videamus
1450 2433 1598 2492 igitur,
1631 2435 1663 2502 ,fg

202 2505 412 2569 quicquid
444 2501 507 2551 est
536 2501 840 2549 institutorum
868 2500 1180 2558 humanorum,
1213 2497 1522 2564 inrepu'blica,
1551 2501 1597 2547 in
1661 2503 1663 2506 ’

201 2571 384 2628 artibus,
417 2575 461 2618 in
495 2570 718 2635 disciplina
749 2568 924 2633 publica
954 2579 999 2615 et
1028 2570 1220 2630 priuata:
1266 2565 1475 2614 omnibus
1508 2567 1597 2613 hoc
1644 2606 1647 2607 γ

192 2643 478 2707 reperiemus
508 2636 592 2685 effe
621 2653 882 2696 commune,
918 2645 975 2704 *vt
1006 2635 1197 2685 habeant
1222 2632 1595 2685 coniunstionem
1640 2658 1646 2664 „

1402 2703 1593 2767 aliquam
