1682 3068
167 129 262 187 338
389 111 394 117 ⁸
495 136 567 165 nn
636 135 1239 171 ormxmocinus‘rr

168 240 374 311 ligentiac
394 238 568 304 vestigia
586 243 632 289 in
650 242 728 289 illo
750 243 854 291 loco
876 245 1078 309 impressa
1097 246 1220 302 sunt,
1263 262 1377 310 quae
1395 262 1420 297 a·
1439 247 1566 296 nobis

171 313 321 359 notari
346 308 533 373 possent,
556 320 632 356 aut
650 313 1019 377 interpretatione
1039 314 1235 360 Paullina
1255 313 1586 364 demonstrata':'

173 378 334 426 deinde
353 378 467 424 illius
498 377 729 427 sacerdotii
756 379 1039 444 praestantia,
1087 392 1183 428 tum
1207 398 1232 427 e
1249 380 1568 432 coniunstione

174 464 273 494 cum
295 446 511 510 potestate
531 448 670 506 regia,
702 457 800 494 tum
820 466 870 494 ex
890 448 1139 504 duratione,
1166 465 1276 513 quae
1296 448 1431 509 finem
1451 449 1571 498 habi·

170 525 271 562 tura
291 531 381 560 non
402 511 464 559 fit.
532 515 591 560 Et
610 515 772 561 clarum
794 514 865 573 est,
896 518 1093 563 Paullum
1117 534 1172 563 eo
1194 519 1238 563 in
1260 518 1360 564 loco
1374 530 1570 566 nontam

172 584 368 648 primum
390 579 512 635 illud,
546 598 674 646 quam
697 580 910 646 posterius
928 585 1117 644 intelligi
1136 585 1265 631 velle.
1333 588 1437 631 Nec
1453 586 1572 634 aliud

175 647 298 697 estin
325 650 429 696 loco
449 650 689 697 Zachariae>
701 652 959 715 Prophetae.
1028 658 1091 698 At
1111 668 1215 698 cum
1233 652 1571 701 Pontifexsum-

173 736 277 766 mus
301 717 570 782 appellatur,
605 729 882 782 comparatus
901 735 1004 766 cum
1026 724 1226 775 Aarone,
1259 720 1347 766 sola
1369 711 1573 768 sacrificia
1594 762 1596 764 ,

173 788 434 853 expiatoria,
469 786 758 849 inprimisque
777 786 1121 833 anniuersarium
1142 785 1272 844 illud,
1304 785 1572 851 speaantur,

170 856 219 903 in
239 852 400 918 quibus
423 850 636 913 insignem
658 851 844 914 figuram
866 857 1023 914 mortis
1035 852 1196 901 Christi
1217 866 1264 900 et
1281 854 1573 903 redemtionis

171 940 256 989 per
277 931 469 968 mortem
490 918 632 976 fuilse,
677 922 722 967 in
749 932 934 985 promtu
953 919 1026 966 est.
1127 926 1294 986 Neque
1315 925 1436 968 enim
1471 925 1572 986 plus

173 989 235 1037 est
257 992 301 1036 in
325 997 418 1035 tota
451 989 523 1034 illa
545 989 600 1034 de
629 987 855 1036 sacerdote
874 988 967 1034 lesu
987 987 1278 1055 disputatione
1302 990 1499 1036 Paullina
1517 990 1573 1037 ad

171 1054 438 1105 Ghristianm
460 1073 511 1100 ex
531 1053 761 1101 Hebraeis.
864 1057 951 1102 His
970 1057 1031 1100 ita
1050 1053 1316 1110 constitutis,
1340 1056 1575 1120 deinceps,

147 1127 234 1174 'vti
262 1121 541 1187 propofitum
570 1120 653 1176 est,
706 1139 761 1168 an
792 1131 840 1168 et
865 1121 1094 1185 quomodo
1134 1122 1244 1169 haec
1269 1124 1315 1168 in
1346 1121 1594 1170 desti-inae.

171 1189 435 1241 Christianae
465 1187 740 1236 institutione
770 1189 881 1237 tradi
911 1200 957 1237 et
984 1191 1190 1253 explicari
1221 1190 1600 1250 conueniat,1.ad.

172 1257 375 1311 officium
400 1255 557 1305 Christi
579 1257 940 1320 intelligendum,
985 1256 1226 1306 videamus.

202 1410 209 1431 1
269 1396 468 1443 Primum
486 1410 595 1455 ergo
615 1393 782 1440 clarum
802 1392 887 1441 effe
906 1392 1190 1450 arbitramur,
1211 1392 1465 1441 Sacerdotis
1478 1410 1584 1441 ver'-v

172 1464 281 1513 bum
302 1479 398 1509 non
422 1464 557 1523 magis
577 1463 760 1526 proprie
779 1460 862 1508 dici
886 1461 940 1507 de
959 1462 1074 1520 Iesu,
1104 1479 1234 1526 quam
1259 1462 1457 1522 regium3
1486 1460 1576 1508 'sed

173 1531 260 1580 effe
272 1547 440 1578 nomen
452 1528 692 1589 figuratum
705 1529 777 1576 seu
789 1532 994 1594 typicum
1008 1547 1030 1586 ς,
1049 1529 1168 1594 quod
1180 1529 1363 1576 ludaeos
1375 1530 1576 1583 maxime,

176 1604 249 1665 qui
272 1597 559 1647 Christianam
589 1599 854 1659 religionem
882 1597 1192 1661 sequerentur,
1229 1607 1277 1643 et
1304 1612 1411 1643 vero
1441 1598 1575 1642 etiam

152 1690 155 1692 >
177 1681 374 1724 ceteros,
405 1665 459 1711 ad
477 1665 811 1724 intelligendam
826 1667 1059 1711 veritatem
1082 1664 1347 1723 deduceret,
1366 1679 1478 1726 quae
1497 1661 1576 1709 sub

176 1735 332 1797 figuris
353 1738 405 1779 V.
426 1737 482 1780 T.
504 1731 702 1778 latuisset.
741 1732 825 1779 Sed
846 1730 906 1776 est
926 1732 1036 1777 haec
1055 1745 1274 1795 perpetua
1298 1728 1576 1776 consuetudo
1591 1768 1617 1796 ,ἱ
1680 1747 1682 1762 1

177 1800 456 1867 Apostolica,
498 1801 683 1866 maxime
704 1799 872 1845 Iudaeis
903 1811 1177 1862 comparata,
1215 1806 1264 1843 vt
1282 1807 1498 1861 typorum
1529 1807 1577 1844 et

178 1870 425 1932 figurarum
449 1868 633 1914 nomina
662 1867 1000 1914 communicent
1030 1882 1134 1912 cum
1163 1864 1318 1920 rebus,
1369 1880 1450 1929 per
1481 1864 1576 1912 illas

153 1979 157 1980 γ
181 1935 436 1999 delignatis3
470 1952 562 1981 non
584 1953 675 1999 quo
694 1935 873 1998 propria
891 1931 1134 1979 linteatum
1155 1949 1305 1978 rerum
1317 1933 1512 1987 nomina,
1530 1941 1578 1978 et
1596 1951 1599 1954 ’
1680 1944 1682 1953 ’

179 2004 240 2053 fic
259 2004 455 2068 vsurpari
484 2002 692 2057 debeant,
736 2002 810 2048 sed
838 2011 886 2047 vt
916 2000 1255 2061 intelligentiam
1284 2010 1499 2062 typorum
1531 2008 1579 2046 et

180 2074 491 2120 vaticiniorum
509 2070 731 2123 adiuuent,
762 2069 1051 2133 doceantque,
1079 2066 1184 2132 quid
1201 2083 1281 2131 per
1298 2083 1375 2114 eos
1387 2064 1580 2127 designa-

181 2152 279 2188 tum
301 2138 417 2187 effet.
520 2140 673 2186 Veluti
693 2139 834 2185 Iesum
852 2140 1036 2184 loannes
1066 2152 1218 2200 agnum
1240 2137 1329 2183 Dei
1354 2145 1497 2181 vocat
1511 2137 1579 2181 Io.

182 2211 222 2263 I,
251 2216 323 2265 36.
344 2224 436 2254 non
459 2222 549 2270 quo
571 2206 660 2271 ipse
680 2222 819 2267 agnus
835 2204 907 2260 fit,
947 2204 1017 2250 sed
1042 2214 1090 2250 vt
1108 2203 1398 2263 intelligatur,
1434 2199 1600 2247 Iesum⁴

186 2273 270 2322 effe
291 2292 393 2322 eum
406 2312 416 2331 ,
458 2275 583 2321 cuius
616 2276 827 2339 patientia
845 2275 888 2319 in
909 2271 1169 2319 cruciatibus
1187 2281 1235 2317 et
1252 2278 1398 2316 morte
1415 2284 1500 2331 pro
1520 2267 1580 2314 sa·-
1662 2268 1668 2275 ⁸

185 2344 284 2390 lute
306 2342 537 2389 hominum
560 2340 788 2396 obeundis,
819 2340 896 2387 sub
915 2342 1017 2400 agni
1036 2341 1239 2399 imagine,
1269 2337 1321 2383 ab
1332 2335 1464 2382 Iesa'r‘a
1477 2337 1597 2382 Pro-⁴

184 2410 322 2474 pheta
341 2409 474 2456 fuerit
493 2408 771 2456 adumbrata:
807 2407 1219 2471 eodemquemodo
1239 2404 1401 2451 υἱέἲίηια
1421 2401 1580 2448 dicitur

188 2476 271 2524 effe
293 2476 488 2524 Christus
509 2495 592 2542 pro
615 2478 822 2541 peccatis,
863 2492 956 2522 non
977 2491 1066 2539 quo
1095 2473 1186 2537 ipse
1204 2472 1389 2539 proprie
1406 2466 1580 2516 viairna

184 2542 261 2601 fit,
299 2543 515 2609 sed-quod
546 2542 775 2593 satisfafflo
797 2546 887 2590 eius
916 2559 1002 2608 pro
1031 2545 1244 2608 peccam,
1287 2541 1401 2604 quae
1418 2539 1593 2650 Ροιῇηξε·

1420 2621 1481 2651 no
1520 2621 1578 2651 ris
