1682 3068
139 188 233 240 262
441 207 723 240 vmmcuz
763 209 1016 242 Anntrnn
1049 212 1234 243 nxvnu

135 313 331 374 exigere,
362 329 495 373 quam
515 330 566 360 ex
583 314 675 379 ipso
697 316 942 378 Euangelio
964 319 1142 374 venire3
1194 315 1328 383 ἅςαῆ
1351 317 1541 388 wls-:ciffi

137 379 291 437 ἀκοῆς,
324 378 347 434 ἦ
367 375 412 430 δὲ
431 379 539 437 dumi
558 375 632 432 διαὶ
653 380 846 451 ῥήματος
866 386 967 440 Θεὲ,
989 384 1111 449 quod
1132 382 1218 431 effe
1238 387 1543 448 Euangeliutn‚

136 466 177 496 v.
207 464 278 505 17.
308 447 453 496 docet.
548 455 698 514 Atque
724 450 766 498 id
799 454 931 500 etiam
960 454 1022 500 rei
1054 450 1206 517 ipsius,
1254 455 1282 500 i.
1309 471 1346 499 e.
1371 452 1471 500 fidei
1498 465 1543 501 et

137 516 373 576 Euangelii
394 526 551 565 natura
567 518 693 566 facile
715 518 914 567 declarat.
980 524 1101 566 Nam
1124 517 1232 566 fides
1251 518 1312 567 est
1334 521 1543 575 hominis

137 584 186 631 in
205 582 332 631 sensu
352 587 531 650 peccati,
566 596 612 633 et
633 598 758 633 metu
777 588 864 634 irae
881 603 932 633 ac
951 604 1198 651 poenarum
1220 586 1479 646 diuinarum,
1497 600 1543 635 et

140 649 352 700 desiderio
372 653 540 710 salutis,
584 653 825 710 credentis,
867 666 914 701 et
932 655 1244 720 acquiescentis
1267 655 1543 720 promiffioni

140 720 295 767 veniae
317 731 364 766 et
393 720 533 767 salutis
552 733 738 785 propter
758 722 992 768 Christum.
1067 724 1362 784 Euangelium
1393 734 1543 772 autem

142 803 238 834 eam
260 787 592 850 promiffionem
613 791 672 835 ita
692 791 930 852 proponit,
972 799 1019 837 vt
1043 791 1134 836 eius
1155 791 1385 837 veritatem
1407 801 1455 838 et
1471 789 1543 837 fir-

138 855 343 902 mitatem
363 857 486 902 omni
507 856 647 903 modo
668 854 863 912 stabiliat,
895 866 943 902 et
960 859 1117 904 animo·
1130 864 1296 904 attente
1317 867 1363 904 et
1382 857 1546 922 cupide

139 921 372 979 audientis,
441 934 487 970 et
527 923 610 970 suis
653 926 894 971 momentis
935 924 1248 990 ponderantis,
1296 924 1547 983 admoueat,

138 1001 300 1050 agente
318 993 450 1037 etiam
473 992 518 1038 in
540 990 635 1055 ipso
658 994 699 1041 vi
719 991 880 1049 diuina,
898 1010 1012 1056 quae
1031 994 1082 1040 iis
1100 990 1230 1040 rebus
1249 994 1434 1041 inclinet
1451 995 1544 1040 ani-

139 1072 267 1105 mum
286 1057 339 1105 ad
359 1057 641 1106 credendum.

201 1158 206 1163 -
245 1134 321 1181 78.
342 1130 404 1173 Ex
416 1127 496 1173 alia
508 1137 659 1174 autem
679 1137 805 1192 parte
823 1123 1127 1174 difficultatem
1149 1125 1312 1175 habere
1324 1144 1392 1174 res
1402 1126 1545 1175 viden-

140 1199 217 1240 tur
235 1191 371 1251 hanc,
412 1193 535 1257 quod
563 1197 608 1242 in
630 1196 718 1260 ipsa
742 1193 831 1242 fide
851 1198 1055 1241 oriuntur
1074 1194 1385 1250 dubitationes,
1431 1212 1545 1259 quae

140 1258 357 1308 sollicitos
378 1271 425 1308 et
446 1264 597 1309 auxios
618 1262 810 1310 habeant
828 1265 1010 1318 animos,
1045 1279 1148 1309 cum
1171 1261 1387 1319 dubitant,
1419 1279 1475 1308 an
1497 1265 1545 1310 in

140 1326 184 1375 se
204 1325 256 1374 fit
275 1327 384 1375 fides
407 1346 476 1383 ea,
503 1346 612 1392 quae
632 1347 734 1377 vere
761 1330 946 1393 accipiat
963 1328 1320 1393 promiffionem;
1366 1328 1481 1375 vnde
1500 1341 1547 1376 et

140 1393 262 1460 spem
284 1395 431 1443 salutis
452 1396 627 1444 dubiam
646 1395 856 1452 reddunt,
889 1413 1021 1460 quam
1044 1413 1146 1452 nos,
1178 1414 1261 1460 per
1278 1399 1497 1445 rationem
1520 1414 1558 1446 ι

142 1461 275 1510 nobis
294 1462 576 1529 descriptam,
614 1464 667 1511 ab
691 1466 815 1512 omni
844 1463 1131 1524 ambiguitate
1148 1463 1322 1510 liberari
1343 1464 1545 1512 diximus.

143 1532 391 1579 Enimuero
410 1531 547 1593 longe
574 1531 791 1580 diuersum
821 1529 882 1578 est
911 1531 1001 1577 hoc
1028 1549 1168 1593 genus
1189 1530 1471 1578 dubitationis
1491 1530 1547 1578 ab

147 1615 226 1654 eo,
253 1598 377 1663 quod
397 1610 498 1646 ante
516 1601 556 1664 §.
581 1614 652 1657 75.
670 1602 908 1660 tetigimus,
938 1614 1024 1646 nec
1047 1597 1108 1644 est
1127 1600 1307 1663 proprie
1326 1598 1547 1646 dubitatio

146 1666 268 1721 talis,
316 1682 428 1730 quae
460 1664 561 1712 fidei
585 1669 821 1713 veritatem
849 1664 983 1729 ipsam
1012 1667 1182 1712 minuat
1206 1676 1284 1712 aut
1309 1666 1459 1724 tollat,
1496 1684 1549 1713 ac

145 1743 390 1798 propterea
409 1733 655 1797 periculum
679 1734 825 1780 salutis
845 1730 1014 1779 habeat.
1093 1736 1215 1780 Nam
1243 1734 1287 1779 in
1309 1734 1417 1795 legis
1435 1731 1548 1782 iusti-

148 1802 227 1858 tia,
267 1800 364 1863 spes
385 1804 567 1866 proprie
587 1802 745 1847 nititur
764 1797 1002 1847 astionibus
1025 1797 1184 1847 nostris
1198 1835 1210 1856 ‚
1232 1802 1407 1864 -quibus
1442 1817 1547 1865 pro·
1600 1816 1603 1818 ’

145 1878 249 1934 pter
269 1867 530 1929 dignitatem
547 1867 656 1914 salus
670 1866 809 1915 datur.
878 1872 1033 1931 Itaque
1051 1865 1160 1914 iusta
1177 1866 1234 1913 de
1253 1870 1304 1914 iis
1326 1867 1548 1916 dubitatio

147 1936 465 1999 conquiescere
482 1938 680 1982 animum
701 1952 794 1982 non
807 1933 930 1982 finit:
967 1935 1087 1982 tollit
1107 1936 1226 1982 enim
1247 1935 1366 1999 spem
1387 1934 1548 1983 salutis.

144 2007 207 2052 At
226 2005 272 2049 in
291 2001 447 2051 iustitia
467 2003 724 2064 Euangelii‚
765 2004 921 2049 nititur
938 2001 1024 2049 sola
1043 2000 1339 2066 promiffionis
1374 2002 1561 2050 diuinae

146 2073 355 2128 veritate,
397 2088 513 2137 quae
530 2070 600 2118 vbi
619 2070 732 2119 salua
751 2067 814 2116 est
843 2071 889 2117 in
909 2071 1060 2116 animo
1088 2070 1280 2117 hominis
1299 2073 1383 2135 pii,
1418 2073 1550 2119 etiam

146 2139 294 2187 salutis
312 2139 432 2204 spes,
478 2148 524 2186 et
548 2139 659 2187 salus
687 2133 883 2185 hominis
906 2137 996 2202 ipsa
1025 2136 1134 2184 salua
1154 2149 1332 2185 maneat
1358 2148 1403 2184 et
1429 2147 1550 2186 certa

147 2204 319 2254 necesse
342 2206 417 2257 est.
492 2205 576 2254 Sed
594 2207 798 2253 homines
822 2207 904 2271 pii,
939 2221 1042 2251 cum
1063 2203 1118 2250 de
1137 2204 1225 2252 fide
1241 2204 1312 2252 sua
1330 2205 1374 2251 se
1393 2203 1549 2254 dicunt

148 2271 375 2330 dubitare,
415 2290 509 2320 non
541 2273 596 2319 de
617 2271 914 2339 promiffionis
944 2274 1125 2318 veritate
1152 2271 1374 2327 dubitant,
1417 2289 1551 2336 quam

149 2344 280 2390 etiam
307 2341 436 2388 fateri
464 2341 628 2397 solent,
683 2338 767 2387 effe
797 2339 868 2386 sibi
898 2350 1036 2386 ratam
1068 2350 1114 2386 et
1141 2340 1324 2387 minime
1357 2339 1549 2387 dubiam.

147 2410 270 2469 Ergo
292 2425 386 2456 non
405 2410 587 2473 proprie
609 2407 664 2454 de
685 2407 770 2454 fide
791 2409 883 2464 sua,
926 2423 1055 2470 quam
1091 2408 1137 2454 in
1166 2408 1208 2455 se
1226 2403 1311 2467 effe
1340 2408 1411 2455 illa
1443 2424 1548 2471 pro-

145 2475 328 2524 fessione
350 2476 599 2531 declarant,
631 2474 702 2522 sed
720 2475 790 2522 vel
812 2484 1000 2539 propter
1018 2473 1296 2530 modestiam,
1328 2473 1385 2522 de
1405 2474 1548 2536 digni·

145 2553 242 2591 tate
253 2542 469 2597 dubitant,
489 2560 601 2607 quae
622 2559 646 2588 e
666 2539 903 2591 sanE’citatis
925 2541 1238 2603 magnitudine
1258 2544 1414 2598 veniat,
1428 2543 1551 2606 quod

150 2611 281 2659 etiam
303 2608 471 2658 salubre
485 2607 575 2666 est,
594 2611 661 2657 vel
684 2608 969 2674 opinionibus
990 2609 1252 2674 quibusdam
1272 2609 1361 2656 suis
1377 2621 1552 2673 pertur-

147 2677 321 2727 bantur.
369 2680 422 2724 In
442 2693 535 2743 quo
558 2693 724 2740 genere
744 2679 932 2727 maxime
947 2677 1231 2743 frequentem
1251 2681 1551 2740 cognouimus

1422 2745 1548 2805 hanc,
