1682 3068
227 178 325 240 ,1⁴74
534 187 822 225 vuimcnuz
855 189 1118 221 anari-nu
1152 184 1331 225 mvnn

225 302 375 350 Deum
398 299 577 365 quidem
607 288 890 364 amplestitur
907 301 1055 356 cultu,
1096 303 1175 367 qui
1202 300 1256 349 fit
1285 302 1378 350 eius
1406 293 1629 359 maiestati,

225 370 451 417 voluntati
471 386 521 415 ac
539 367 760 417 beneficiis
773 369 1093 416 consentaneus
1117 386 1167 416 ac
1183 369 1368 432 dignus:
1398 370 1630 427 hominem

225 448 403 496 autem,
438 437 573 484 salute
593 453 644 484 ac
662 436 875 483 felicitate
896 436 1158 500 praestanda.
1235 443 1386 503 Atque
1414 455 1495 486 nos
1531 453 1630 486 non

226 506 375 554 sumus
396 506 444 562 ii,
477 508 550 569 qui
570 521 807 566 negemus,
834 508 986 551 Deum
1009 502 1265 552 sanffiffime
1286 523 1336 552 ex
1355 503 1483 570 ipsius
1502 515 1630 571 prae-

225 572 394 637 scripto
415 573 654 622 colendum
670 571 766 619 fore
788 572 1040 620 hominibus
1056 609 1066 627 ,
1104 571 1135 618 fi
1155 573 1300 621 cultus
1321 576 1414 620 eius
1435 573 1546 620 nihil
1573 572 1629 620 ad

226 640 428 706 ipsorum
463 640 718 688 felicitatem
749 642 923 688 valeret.
1024 641 1203 688 Etenim
1235 657 1327 690 non
1359 652 1473 698 tam,
1527 642 1630 707 quia

227 707 431 775 prodest,
481 711 629 755 Deum
669 710 761 755 rite
780 707 978 763 coluifl‘e,
1021 719 1264 772 propterea
1300 704 1513 756 colendus
1552 705 1629 766 est,

227 793 381 840 quam,
401 775 502 840 quia
525 774 684 822 iustum
705 774 776 830 est,
799 777 884 822 coli
899 778 1145 823 Dominum
1166 786 1212 823 et
1230 774 1455 840 austorem
1477 773 1630 834 nostri,
1680 795 1682 828 i

230 843 430 904 dignum*
441 841 601 890 deinde
620 841 841 890 maiestate
859 846 973 901 eius,
1006 842 1218 907 denique,
1254 846 1329 908 qui
1347 847 1410 891 ita·
1424 843 1480 890 de
1500 841 1629 891 nobis
1681 838 1682 851 ³

229 909 294 958 est
311 913 510 958 meritus.
578 909 662 957 Sed
682 911 858 973 quando
880 911 1094 958 felicitatis
1116 912 1188 958 illa
1199 912 1441 961 vehemens
1462 911 1632 976 appeti·

227 980 295 1027 tio
312 976 366 1025 ab
382 978 478 1042 ipso
505 981 605 1025 Deo
628 979 759 1026 nobis
783 978 845 1025 est
864 977 1009 1034 insita,
1045 995 1095 1025 ea
1116 988 1265 1026 autem
1281 1015 1292 1035 ,
1332 993 1379 1027 vt
1401 980 1532 1026 etiarn
1559 979 1629 1026 Ci-

226 1063 324 1096 cero
346 1045 456 1093 vidit
487 1047 606 1110 (Off.
627 1049 691 1101 II,
716 1053 782 1104 3.)
817 1045 895 1092 nisi
916 1050 1065 1093 Deum
1086 1045 1311 1112 placatum
1331 1045 1458 1094 nobis
1495 1055 1630 1111 atque

225 1113 475 1176 benignum
496 1114 749 1168 habeamus,
770 1116 911 1161 teneri
930 1131 1023 1162 non
1043 1113 1213 1178 potest;
1250 1132 1345 1162 non
1366 1112 1505 1162 modo
1524 1129 1630 1177 con-

229 1179 368 1240 ceffu,
413 1180 487 1228 sed
514 1184 646 1229 etiam
676 1179 785 1228 iuffu
819 1182 995 1240 diuino,
1032 1183 1248 1243 religione
1278 1178 1487 1230 seruanda
1516 1179 1629 1229 salus

228 1266 413 1314 quoque
447 1247 591 1296 nostra
628 1249 899 1313 felicitasque
930 1247 1162 1310 spefilatur.
1257 1252 1310 1298 In
1338 1267 1429 1315 quo
1459 1249 1521 1296 fas
1553 1247 1629 1310 est,

227 1320 364 1365 etiam
389 1315 588 1363 admirari
612 1326 746 1380 atque
765 1334 909 1375 amare
940 1316 1259 1376 benignitatem
1291 1328 1337 1364 et
1369 1311 1631 1383 φιλανθςῶς

229 1384 339 1437 πίαν
369 1384 587 1441 diuinam,
631 1383 775 1448 quod,
822 1401 934 1449 quae
961 1385 1094 1431 etiam
1120 1383 1209 1431 sine
1235 1386 1430 1432 vtilitatis
1457 1382 1631 1432 nostrae

225 1449 430 1517 respestu
451 1450 703 1515 praestanda
725 1464 869 1507 erant,
900 1470 948 1499 ea
968 1454 1025 1499 ita
1046 1454 1193 1514 exigit,
1229 1464 1278 1499 vt
1296 1469 1441 1518 prope
1459 1453 1630 1517 saepius

229 1519 286 1568 ad
305 1517 498 1568 nostram
527 1520 708 1566 salutem
734 1520 910 1575 referat,
959 1537 1090 1584 quam
1120 1521 1174 1566 ad
1202 1518 1469 1567 maiestatem
1497 1530 1630 1583 atque

230 1587 374 1636 adius
395 1588 533 1635 suum.
636 1587 765 1634 Vnde
788 1586 860 1641 fit,
898 1597 948 1633 vt
976 1586 1220 1651 quaestionis
1242 1584 1495 1652 propositae
1524 1591 1631 1636 duae

220 1666 376 1721 partes
395 1653 492 1703 fint.
596 1658 719 1700 Nam
740 1658 884 1716 primo
907 1655 1055 1717 quaeri
1076 1651 1243 1717 potest,
1286 1673 1339 1702 an
1356 1658 1398 1702 in
1417 1654 1631 1719 religione,

227 1727 369 1789 quoad
387 1724 480 1770 Dei
496 1723 747 1786 maiestatem
765 1724 872 1775 colit,
891 1724 1046 1786 aliquid
1060 1724 1336 1771 arbitrarium
1355 1721 1429 1786 ff!
1437 1724 1565 1786 poffit
1581 1739 1630 1773 ac

227 1794 530 1844 voluntarium,
572 1792 733 1853 iusque
759 1788 810 1835 fit
831 1793 955 1844 Deo,
999 1789 1141 1836 libere
1168 1790 1352 1844 sancire,
1393 1787 1628 1854 quomodo

230 1869 279 1906 et
296 1858 455 1924 quibus
473 1856 604 1905 rebus
626 1858 713 1904 coli
734 1857 851 1904 velit.
953 1856 1109 1904 Altera
1128 1855 1325 1923 quaestio
1347 1855 1426 1914 est,
1457 1878 1510 1906 an
1528 1860 1628 1905 libe-

231 1945 327 1978 rum
335 1928 400 1993 fit
417 1929 514 1975 Deo
526 1963 536 1982 ,
571 1926 856 1988 praefiribere
875 1926 1118 1981 hominibus,
1151 1928 1300 1991 quibus
1319 1927 1627 1990 rebus-struan-

229 1998 296 2044 dis
314 1999 375 2043 ad
381 1995 632 2060 filieitatem
653 1996 822 2041 debeant
839 1994 1068 2058 adspirare.

335 2146 375 2192 5.
415 2133 508 2177 Iam
523 2127 732 2193 primum,
763 2125 796 2175 fi
818 2126 973 2190 religio
994 2125 1047 2176 ad
1063 2125 1201 2177 solum
1221 2126 1306 2178 Dei
1325 2125 1497 2176 cultum
1527 2129 1629 2192 per'-

229 2201 416 2256 tineret,
452 2199 691 2246 humanam
722 2196 978 2244 felicitatem
1001 2213 1092 2245 non
1120 2198 1379 2258 attingeret,
1419 2205 1496 2243 aut
1522 2193 1554 2241 fi
1580 2197 1628 2243 in

228 2265 423 2316 colendo
443 2270 542 2313 Deo
559 2264 752 2313 maiestas
771 2264 908 2313 modo
931 2268 1024 2312 eius
1043 2262 1321 2329 spestaretur,
1341 2263 1460 2314 nulla
1473 2263 1629 2309 huma-

226 2352 314 2385 nae
327 2333 490 2386 indolis
507 2347 558 2380 ac
575 2344 757 2381 naturae
773 2334 886 2380 ratio
906 2333 1163 2380 haberetur:
1186 2349 1278 2380 non
1290 2328 1492 2397 profeEto
1503 2329 1630 2383 dubi-

228 2413 371 2451 tarem
379 2418 443 2456 us,
460 2404 566 2465 quin
585 2418 634 2448 ea
653 2410 842 2449 contenta
863 2400 938 2464 effi’
947 2401 1085 2464 poſjbt
1099 2404 1163 2458 iis,
1184 2417 1294 2466 quae
1307 2400 1424 2465 *ratio
1435 2398 1629 2445 humana

228 2471 483 2530 intelligere
503 2467 667 2534 potest,
699 2466 878 2527 officiis,
911 2471 999 2517 hoc
1015 2467 1096 2526 est,
1118 2466 1408 2522 naturalibus,
1438 2462 1626 2512 necefl'a·

227 2538 327 2593 riis,
367 2547 413 2583 et
432 2551 535 2583 cum
557 2547 741 2585 naturae
764 2536 935 2586 diuinae
953 2535 1229 2603 perfeElione
1250 2529 1486 2581 neceffario
1521 2549 1627 2591 con·-

229 2600 409 2659 iunstiS,
437 2605 585 2660 veluti,
619 2607 799 2669 pietate,
826 2610 1056 2672 totiusque
1076 2608 1185 2654 vitae
1204 2603 1258 2650 ad
1277 2602 1492 2649 naturales
1506 2602 1627 2662 leges

229 2669 599 2719 conformatione.
676 2675 729 2722 Id
757 2676 944 2739 intelligi
964 2673 1111 2742 potest
1128 2690 1179 2720 ex
1197 2687 1277 2732 eo,
1320 2671 1439 2735 quod
1467 2670 1626 2730 religio

1530 2734 1629 2784 talis
