1682 3068
191 140 287 191 288
491 147 777 181 vnimcut
813 148 1068 184 annu-rm
1109 150 1292 185 mvmr

189 257 308 306 lessu
329 256 454 306 locus
473 270 510 303 e.
531 258 735 320 Apionem
757 260 817 315 II,
841 259 914 307 16.
938 271 1011 321 17.
1035 259 1108 308 vbi
1139 256 1344 316 ostendit,
1376 261 1495 326 apud
1512 265 1589 310 Iu·
1671 222 1681 234 -·

192 325 324 373 dacos
357 322 595 372 coniunsta
623 323 767 381 fuisse,
796 341 912 390 quae
937 329 1007 372 alii
1041 329 1198 392 populi
1234 325 1427 377 distraaa
1457 329 1588 377 habe-

189 405 305 450 rent,
323 386 623 446 διδασκαλίαν
643 405 688 440 et
703 390 888 448 ἄσκησιν
904 396 982 444 τῶν
1002 392 1128 451 ἐθῶν,
1163 395 1392 444 dominam
1408 405 1455 443 et
1474 398 1590 461 disca·-

179 463 344 525 plinam
362 460 669 522 ivstitutorum:
701 461 865 508 horum
887 473 1038 509 autem
1065 463 1382 526 pulcerrimum
1399 462 1524 511 fuiss‘e
1541 466 1589 512 in
1671 508 1673 512 Α

188 524 266 577 ista
287 526 528 575 assiduitate
547 544 632 593 per
649 527 741 575 dies
761 526 1054 577 Sabbatorum
1073 530 1316 578 audiendae
1335 531 1447 592 legis
1459 568 1470 587 ‚
1505 548 1590 597 per

189 613 329 662 quam
348 592 562 643 effestum
589 592 651 651 fit,
683 606 732 643 vt
751 592 902 643 omnia
921 597 1031 658 legis
1052 599 1196 661 capita
1219 616 1300 646 non
1317 602 1450 647 minus
1469 602 1591 664 quis-

188 681 280 728 que
301 681 425 729 quam
445 663 722 726 nomensuum
739 673 927 711 teneret.
997 664 1134 718 Quod
1154 665 1228 712 ille
1250 666 1429 730 quidem
1450 666 1506 713 de
1527 667 1589 714 le-

190 732 321 795 gibus
351 729 490 780 Molis
518 729 635 787 dicit,
668 729 724 777 de
752 728 912 794 quibus
947 731 990 777 id
1021 750 1078 779 eo
1106 733 1209 779 loco
1228 731 1471 797 praedicari
1490 734 1588 782 satis

189 810 305 856 erat,
340 798 417 846 sed
453 801 619 863 pariter
656 797 712 843 de
744 798 1070 864 Prophetarum
1110 799 1233 847 libris
1268 800 1353 848 dici
1396 811 1588 866 poterat.

188 871 298 916 Nec
314 869 360 913 in
376 883 427 914 ea
445 882 495 912 re
515 863 820 912 ostentationis
842 865 1028 930 suspicio
1049 864 1122 922 est,
1157 883 1260 914 cum
1282 878 1330 914 et
1347 870 1590 917 mulierum

187 938 236 984 in
256 935 374 983 libris
389 934 528 989 sacris,
561 944 607 980 et
628 949 785 980 eorum
807 936 883 998 qui
901 950 1019 981 nunc
1039 935 1140 983 sunt
1158 935 1424 983 ludaeorum
1445 954 1591 985 exem·

187 1004 263 1070 pla
289 1016 386 1050 rem
407 999 598 1049 firment.
662 1003 834 1048 Mariae
863 1000 1044 1065 quidem
1079 1018 1234 1066 preces
1262 1003 1361 1050 illae
1381 1004 1591 1068 pulcerri-

187 1085 288 1119 mae
315 1079 438 1118 totae
464 1070 526 1115 ita
555 1085 693 1115 nexae
718 1069 820 1117 sunt
847 1069 994 1117 verbis
1026 1069 1209 1128 diuinis,
1241 1081 1290 1118 vt
1317 1083 1523 1135 appareat
1547 1073 1589 1119 ei

187 1136 512 1188 familiarissima
538 1134 660 1183 fuiss‘e
689 1153 741 1182 ex
766 1136 849 1183 illis
883 1136 1049 1184 crebris
1077 1137 1372 1186 auditionibus
1391 1138 1522 1186 verba
1541 1149 1588 1186 et

187 1207 427 1255 sententias
455 1204 679 1252 sacrorum
708 1203 937 1251 librorum.
1005 1208 1062 1252 Et
1092 1222 1237 1262 nunc,
1278 1205 1375 1253 satis
1405 1205 1588 1264 constat,

187 1275 379 1323 Iudaeos
407 1273 669 1336 permult05‚
703 1273 836 1318 etiam
865 1282 1067 1336 expertes
1095 1272 1353 1320 eruditionis
1382 1274 1589 1331 Iudaicae,

188 1345 248 1391 ita
281 1343 414 1388 tritos
436 1337 523 1386 else
548 1341 594 1385 in
613 1338 732 1386 libris
751 1341 802 1385 V.
820 1341 880 1386 T.
909 1351 958 1393 vt
976 1340 1222 1406 plerosque
1241 1337 1588 1389 Christianorum

188 1412 236 1458 in
268 1426 323 1455 eo
354 1423 519 1468 genere
545 1406 683 1468 longe
722 1405 947 1470 superent.
1023 1412 1175 1472 Atque
1198 1408 1271 1455 illa
1299 1419 1422 1456 tanta
1449 1411 1588 1456 totius

187 1477 314 1525 verbi
343 1475 481 1523 diuini
523 1475 726 1529 scientia,
764 1490 970 1536 magnam
1009 1474 1289 1533 hominibus,
1330 1476 1588 1540 praesertim

187 1548 283 1612 piis,
314 1543 567 1591 facultatem
590 1541 720 1590 dabat
737 1542 982 1590 meditandi
1001 1541 1161 1590 affidue
1179 1542 1364 1590 verbum
1388 1543 1588 1592 diuinum

189 1631 215 1661 c
233 1613 531 1675 descriptione
550 1609 769 1664 Dauidica,
801 1611 881 1673 Ps
898 1613 942 1666 1,
965 1628 1006 1659 2.
1038 1615 1191 1674 ltaque
1211 1626 1303 1657 non
1325 1611 1462 1657 modo
1482 1628 1590 1675 pro·

187 1685 341 1746 pterea
370 1681 512 1725 inerat
541 1676 805 1724 beneficium
825 1679 870 1724 in
890 1677 981 1724 hoc
999 1675 1215 1733 instituto,
1247 1678 1371 1742 quod
1399 1681 1587 1725 vacatio·

188 1764 295 1795 nem
325 1746 458 1793 dabat
486 1750 666 1809 corpori
694 1745 893 1791 humano
918 1761 941 1791 a
970 1743 1204 1801 laboribus,
1237 1744 1379 1810 ipsum
1405 1763 1589 1810 quoque

187 1830 407 1876 magnum
435 1823 482 1859 et
501 1813 713 1867 amabile;
743 1811 816 1858 sed
852 1813 1004 1869 etiam,
1034 1824 1081 1858 et
1109 1812 1258 1860 multo
1279 1815 1417 1873 magis
1435 1814 1519 1860 hac
1533 1813 1589 1860 de

191 1879 355 1938 cauffa,
394 1880 518 1945 quod
559 1880 825 1944 disciplinam
854 1878 980 1927 verbi
1007 1881 1144 1927 diuini
1173 1881 1485 1927 exercitatione
1513 1881 1589 1928 tali

188 1948 434 1999 imbibendi
453 1944 785 1995 efficacissimam
807 1946 1010 1995 habebat.

289 2032 367 2080 99.
400 2021 550 2079 Atque
574 2015 656 2062 hac
677 2015 767 2079 ipsa
785 2014 839 2061 de
857 2013 998 2061 caussa
1026 2016 1069 2061 in
1095 2014 1256 2063 eodem
1275 2011 1474 2066 instituto
1494 2025 1591 2062 erat
1665 2030 1667 2034 ’

189 2083 530 2150 distiplinafidei,
575 2099 690 2148 quae
709 2081 867 2130 affidue
885 2083 1111 2130 audiendo
1133 2082 1274 2130 verbo
1294 2084 1416 2131 venit
1435 2093 1482 2129 et
1501 2099 1592 2130 ma-

189 2164 285 2208 net,
315 2151 505 2199 nascitur
533 2161 580 2198 et
605 2151 746 2197 alitur.
815 2150 900 2198 Sed
928 2150 1056 2197 huius
1076 2150 1326 2215 disciplinae
1345 2149 1476 2206 aliud,
1506 2165 1591 2196 nec

187 2237 347 2287 parum
371 2216 522 2266 efficax
541 2234 682 2280 genus
701 2217 784 2265 fuit
803 2221 848 2264 in
870 2233 1036 2279 genere
1056 2217 1369 2268 sacrificiorum
1388 2234 1457 2272 eo,
1467 2215 1590 2281 quod

190 2287 450 2336 animalium
477 2285 690 2348 sanguine
719 2285 955 2334 fundendo
983 2297 1166 2351 peccata
1189 2288 1397 2352 expiaret.
1465 2288 1592 2333 Nam

191 2373 296 2404 cum
317 2359 365 2402 in
397 2372 452 2401 eo
475 2353 581 2401 esset
609 2353 882 2401 adumbratio
903 2353 1079 2400 futurae
1100 2370 1180 2417 per
1195 2352 1376 2400 Meffiae
1394 2348 1591 2402 mortem

190 2424 479 2487 expiationiS,
532 2422 587 2468 ad
630 2433 787 2469 omnes
825 2431 1114 2486 peccatorum
1148 2437 1315 2486 poenas
1351 2418 1590 2467 abolendas

189 2491 478 2556 pertinentiS,
511 2501 559 2536 et
585 2491 741 2536 veniae
766 2488 1066 2552 impetrandae
1098 2488 1194 2553 spes
1223 2499 1325 2536 tota
1349 2486 1590 2534 referretur

189 2558 246 2604 ad
265 2556 605 2604 misericordiam
627 2569 674 2603 et
705 2555 972 2603 beneficium
1001 2555 1221 2613 diuinum,
1253 2571 1347 2602 non
1364 2557 1514 2602 minus
1535 2551 1591 2601 ad

190 2624 466 2675 excitandam
497 2635 544 2672 et
586 2623 950 2684 alendamfidem
988 2625 1146 2673 virium
1173 2620 1408 2680 habebant,
1443 2637 1590 2688 >quam

1467 2703 1591 2738 nunc
