1682 3068
51 235 58 243 i

40 291 56 314 fi

27 335 54 360 ,Ὺ

0 369 39 483 3

351 160 417 192 116
467 156 766 190 mammons
813 155 1229 204 coxszjxrvnmm
1394 153 1495 202 235

73 256 163 329 (fed
183 266 230 313 hi
251 263 333 320 alii,
366 281 499 330 quam
520 262 771 318 ἀκέσαντες
788 263 864 320 illi,
884 261 972 312 effe
992 281 1087 312 non
1106 260 1299 329 possunt.
1340 263 1495 312 Enim-

77 330 196 384 “vero
217 332 515 381 demonstrare
533 349 611 379 me
624 330 760 396 poffe,
783 331 976 388 confido,
1005 350 1101 379 non
1123 343 1362 397 propterea
1382 348 1492 380 con-

88 401 234 465 sequi,
273 411 351 449 aut
374 400 622 448 timendum
645 399 752 453 effe,
797 415 859 445 ne
874 402 1055 446 Ioannis
1086 401 1327 463 baptismus
1344 402 1391 446 vi
1419 400 1493 448 sua

82 473 301 536 priuetur.
401 472 473 515 Ac
489 467 558 515 vel
578 466 684 514 illud
705 478 972 527 argumento
994 465 1077 522 est,
1127 468 1250 514 hunc
1276 470 1493 515 timorem

83 540 263 584 inanem
285 533 392 591 effe,
425 533 571 600 quod,
601 533 634 582 fi
655 535 876 598 susceptio
899 534 1104 599 baptismi
1126 532 1372 597 Apostolici
1391 532 1491 600 post

83 608 335 665 Ioanneum
353 603 484 650 huius
501 604 593 650 vim
612 601 834 659 aboleret,
875 603 1155 665 consequens
1175 601 1303 662 esset,
1340 614 1392 651 vt
1423 613 1492 650 et·
1541 606 1545 612 '

44 704 47 706 -
85 675 175 719 iam
195 670 435 737 baptismus
453 671 635 718 tolleret
658 672 745 716 vim
774 668 1142 724 circumcifionis,
1188 688 1300 734 quae
1326 682 1375 718 et
1401 671 1493 736 ipsa

2 742 4 751 i
82 741 572 804 veniamfpoccatorum
594 749 641 786 et
664 738 847 785 salutem
870 737 1003 786 dabat
1021 755 1105 802 per
1131 736 1265 785 fidem
1291 740 1340 785 in
1371 738 1493 786 Mes-

83 805 215 855 sinm:
254 804 378 870 quod
397 807 568 852 nemini
589 807 712 853 venit
734 809 780 852 in
806 817 1006 853 mentem
1027 805 1239 870 suspicari.
1316 805 1403 853 Sed
1419 823 1492 854 res

87 876 190 929 erit,
217 883 269 920 vt
285 889 375 934 ego
392 873 603 927 arbitror,
636 872 900 938 planiffima,
935 872 966 920 fi
983 873 1041 921 fic
1060 891 1159 921 eam
1177 874 1493 935 intelligamus,

82 951 137 990 vt
158 938 364 1006 profeao
391 941 576 1001 intelligi
600 940 745 989 debet.

189 1025 262 1070 5²·
306 1006 618 1065 circumcisio,
658 1008 703 1057 id
722 1008 846 1074 quod
875 1010 975 1057 satis
995 1006 1186 1065 constat,
1226 1007 1357 1056 dabat
1382 1008 1494 1056 [alud

81 1083 179 1123 tem
199 1086 247 1122 et
265 1074 386 1124 bona
400 1074 611 1141 promiffa
628 1095 653 1124 a
670 1080 793 1133 Deo,
823 1095 912 1140 per
922 1078 1054 1139 fidem
1072 1082 1114 1125 in
1123 1077 1493 1141 semenzAbrahaae

81 1153 314 1192 venturum.
380 1147 557 1192 Ioannis
578 1144 819 1211 baptismus
840 1145 970 1193 dabat
989 1145 1153 1199 eadem,
1177 1146 1251 1193 sed
1263 1164 1346 1209 per
1359 1145 1489 1207 fidem

81 1214 127 1258 in
144 1208 212 1261 ,τᾶν
230 1208 471 1277 ἐξχᾶμενονε
499 1230 592 1260 non
614 1213 732 1260 bene
747 1216 1097 1278 interpretantur
1115 1212 1375 1278 fimpliciter
1395 1231 1493 1263 ven-

82 1288 254 1326 turum.-
287 1279 429 1344 quod,
458 1278 492 1327 fi
512 1281 624 1327 nihil
644 1280 759 1328 aliud
778 1281 1110 1344 requirebatur,
1146 1298 1240 1328 non
1260 1299 1374 1347 opus
1395 1291 1492 1328 erat

81 1345 314 1410 baptismo,
326 1363 429 1393 eum
442 1363 598 1396 omnes
612 1359 713 1394 ante
721 1347 1012 1406 credidissent,
1022 1360 1264 1396 venturum
1275 1348 1494 1407 Meffiam‚

82 1414 189 1458 inde
217 1411 275 1459 ab
301 1416 419 1460 Euae
447 1414 750 1478 temporibus,
798 1417 844 1462 in
873 1433 1062 1481 eamque
1088 1416 1223 1464 fidem
1253 1415 1364 1464 faeta
1397 1427 1492 1464 erat

82 1478 371 1528 circumcisio.
448 1481 625 1529 Meffias
642 1484 690 1529 in
710 1486 765 1530 V.
783 1486 842 1530 Τ.
865 1485 991 1531 omni
1012 1481 1153 1532 distas
1174 1482 1236 1530 est
1253 1481 1492 1550 ἐρχόμενος,

82 1557 305 1605 venturus,
345 1548 448 1596 κατ’
463 1546 634 1615 ἐξοχὴ,
673 1567 699 1596 e
721 1552 827 1599 Gen.
847 1551 1031 1606 XLIX,
1058 1569 1129 1598 10.
1165 1564 1215 1599 vt
1238 1555 1388 1600 innuit
1409 1553 1491 1617 Cy·

83 1617 205 1662 rillus
233 1616 452 1663 Hierosol.
484 1618 648 1665 Catuli.
675 1619 797 1668 XII.
817 1636 868 1679 p.
889 1626 1000 1666 261.
1030 1625 1091 1666 ed.
1115 1620 1340 1669 Preuotii:
1378 1620 1493 1669 AM?

86 1679 188 1740 ἔτος
207 1679 467 1749 ἇέςχᾶμενσς
486 1678 721 1750 πςοςδοκιά
740 1683 887 1734 {Suam
917 1684 1006 1733 Sed
1024 1687 1279 1735 inloannea
1289 1685 1490 1735 doRrina

80 1751 399 1812 intelligendus
418 1749 481 1799 est
499 1771 599 1800 mox
617 1763 843 1810 venturus,
871 1752 1025 1816 statim
1043 1774 1071 1802 a
1088 1756 1244 1804 Ioanne
1263 1766 1491 1804 venturus.-

20 1878 22 1880 Υ
80 1818 177 1883 μετ’
196 1820 302 1881 ἔμε,
333 1818 475 1898 durasque
491 1834 578 1881 με,
608 1820 882 1899 in'quitkipse:
911 1832 961 1868 vt
977 1832 1102 1886 patet
1120 1826 1253 1870 etiam
1275 1823 1488 1872 esumma

81 1888 201 1934 eius:
225 1883 407 1952 ἤγγικεν
425 1908 448 1942 η
468 1885 689 1947 βασιλειαν.
709 1909 791 1937 των
808 1888 985 1956 ἐξοινῶν,
1015 1892 1175 1938 Matth.
1197 1893 1291 1948 III,
1309 1909 1355 1941 2.
1375 1908 1487 1949 non,

73 1953 279 2018 ficturum
299 1955 377 2018 est,
407 1955 480 2001 sed
502 1959 703 2010 imminet,
737 1958 868 2018 adest,
911 1957 1050 2021 inflat.
1150 1958 1306 2006 Iudaei
1327 1961 1488 2020 igitur,

84 2036 190 2066 cum
208 2030 314 2068 ante
332 2020 622 2081 eredidiffent,
657 2022 857 2072 Meffiam
878 2037 1142 2081 venturum,
1173 2028 1360 2090 eiusque
1372 2027 1488 2075 adeo

83 2085 298 2135 desiderio
317 2097 596 2144 tenerentur,
633 2087 665 2136 fi
687 2108 781 2139 non
798 2094 899 2157 pio,
938 2103 1075 2158 atque
1100 2111 1123 2139 a
1143 2093 1387 2158 cupiditate
1406 2094 1487 2141 bo-

79 2171 249 2202 norum
269 2153 527 2202 coelestium
547 2166 680 2212 nato,
723 2169 770 2205 at
794 2176 871 2215 eo,
914 2160 1037 2223 quod
1072 2162 1287 2225 opinione
1316 2161 1372 2207 de
1404 2179 1489 2227 po·

79 2225 223 2270 tentia
241 2221 421 2271 Meffiae
438 2225 483 2269 in
504 2223 634 2271 rebus
654 2225 865 2274 humanis
884 2238 1036 2274 ortum
1058 2227 1171 2284 esset,
1201 2244 1294 2275 non
1319 2231 1486 2279 mirum

83 2288 167 2346 est,
209 2289 242 2337 fi
265 2289 459 2338 libenter
475 2290 743 2357 baptismum
769 2297 948 2341 Ioannis
968 2295 1277 2359 susceperunt,
1318 2298 1485 2346 Matth.

78 2361 180 2415 III,
204 2375 246 2416 5.
288 2358 540 2421 praesertim
565 2376 690 2417 curn,
726 2370 777 2407 vt
806 2373 912 2408 ante
942 2361 1153 2420 diximus,
1192 2363 1368 2418 aliunde
1395 2367 1484 2414 iam

35 2448 38 2453 ·
81 2423 388 2491 concepiffent
404 2427 526 2490 spem
548 2425 826 2475 aduentantis
846 2431 974 2490 regni
995 2431 1117 2477 noui.
1187 2429 1291 2489 Sed,
1315 2430 1484 2496 postea·

8 2486 45 2539 Ο
79 2510 219 2558 quam
237 2491 412 2542 Meffias
435 2504 483 2541 et
498 2507 677 2542 venerat
695 2496 741 2542 in
767 2496 882 2542 hanc
906 2498 1063 2555 vitam,
1102 2507 1152 2544 et
1167 2515 1219 2546 ex
1237 2515 1288 2546 ea
1316 2503 1361 2547 in
1381 2517 1485 2548 coe-

76 2561 176 2610 lum
194 2562 378 2615 abierat,
419 2559 661 2608 constituto
693 2564 780 2609 iam
809 2573 855 2610 et
884 2565 1111 2630 praesente
1138 2583 1281 2629 regno
1310 2566 1486 2627 christi,

66 2629 211 2695 'isque
239 2627 413 2680 iuss'erat
445 2629 710 2699 baptismum
738 2630 894 2698 susci-pi
930 2635 980 2680 in
1015 2650 1186 2687 nouam
1226 2634 1482 2751 formiularrb

1356 2721 1482 2753 uum-
