1650 3060
60 128 81 192 [J
151 136 249 184 612
392 149 455 193 og
489 147 831 179 rnenmomo
867 147 939 180 sr-
971 147 1012 178 s.
1047 149 1182 189 Qvoo
1215 151 1326 180 uon

152 256 257 304 dem
287 253 591 303 testimonium
618 255 804 319 Spiritus
822 251 971 302 Sanffl
1001 257 1216 303 maiorem
1246 255 1384 304 habet
1415 261 1558 307 omni·

153 325 237 373 bus
287 326 581 384 argumentis,
651 321 808 386 quibus
847 324 892 368 in
930 323 1135 370 docendo
1188 322 1468 373 diuinitatem
1506 327 1558 374 li·

151 392 341 441 brorum
383 391 606 438 sacrorum
648 388 950 437 demonstrare
986 391 1190 440 solemus.
1266 392 1376 439 Sed
1404 393 1450 441 id
1489 387 1558 442 tot-

154 473 255 509 tum
295 457 356 506 est
393 460 447 507 ab
485 457 658 506 afflone
698 459 886 520 Spiritus
914 458 1061 506 Sanffl
1090 460 1135 505 in
1174 471 1327 508 mente
1363 462 1557 512 humana

154 545 238 595 per
274 526 458 575 verbum
503 528 590 573 Dei
619 526 817 590 praesens
845 527 886 572 ei
926 539 970 574 et
1009 530 1083 590 pie
1121 530 1380 586 cogitatum.
1477 536 1557 578 At-

155 613 246 661 que
284 597 416 643 huius
444 595 539 643 talis
584 592 826 641 testimonii
864 595 1063 658 exempla
1107 594 1332 659 perspicua
1366 598 1414 643 in
1452 597 1555 662 ipsi!

154 664 279 712 libris
329 664 454 712 sacris
503 671 769 717 occurrunt,
835 663 883 708 in
930 662 1088 726 quibus
1131 664 1339 726 inprimis
1384 663 1556 726 insigne

155 729 220 780 est
248 731 314 789 id,
381 731 507 794 quod
545 727 642 777 Aa.
672 734 740 776 111.
782 726 865 786 est,
931 728 1004 776 vbi
1032 726 1130 793 post
1164 729 1426 779 effusionem
1461 734 1556 798 Spi-

154 803 270 848 ritus
311 797 454 847 Sanffi
494 801 540 845 in
573 795 835 847 Christianos
875 808 1196 859 congregatos,
1261 817 1364 846 cum
1395 804 1555 848 Petrus

152 864 394 932 Apostolus
421 884 473 912 ex
501 883 581 921 eo,
650 864 772 929 quod
800 863 1028 921 acciderat,
1096 863 1436 921 demonstearet,
1495 873 1555 916 Ie-⁴

151 935 249 982 sum
302 931 386 979 eise
425 931 649 989 Christum
689 936 964 988 Dominum,
1031 949 1086 978 co
1130 932 1254 981 sensu
1294 933 1398 981 taffi
1439 936 1554 994 sunt,

154 1003 232 1066 qui
269 1001 475 1056 aderant,
543 1018 581 1046 v.
611 1011 686 1061 37.
728 1002 791 1046 vti
838 1016 931 1045 non
969 998 1145 1063 possent
1180 1017 1274 1047 non
1317 1003 1554 1062 agnoscere

151 1071 411 1125 veritatem,
480 1078 525 1114 et
563 1068 703 1114 multa
743 1066 880 1114 millia
918 1065 974 1113 ad
1005 1066 1140 1115 fidem
1172 1066 1458 1117 Christianam
1486 1088 1553 1118 at:-

152 1135 378 1184 cederent.

288 1270 426 1326 Quod
458 1267 655 1333 quidam,
698 1268 743 1314 in
783 1269 851 1316 his
881 1267 1211 1326 Limborchius,
1247 1271 1424 1328 dicunt,
1462 1273 1562 1337 Spi:

151 1341 286 1388 ritum
315 1336 524 1386 Sanstum
561 1336 650 1382 dari
678 1337 752 1392 iis,
818 1339 893 1401 qui
924 1339 1010 1384 iam
1038 1337 1233 1392 credant,
1303 1350 1349 1385 et
1389 1339 1554 1403 quibus

150 1407 206 1456 {it
236 1406 290 1454 de
318 1408 547 1454 diuinitate
578 1404 828 1468 Scripturae
858 1407 1008 1452 Sacrae
1051 1407 1134 1451 iam
1169 1406 1439 1468 persuasum,
1506 1406 1553 1454 id

151 1475 230 1523 etfi
267 1492 423 1523 verum
460 1471 543 1530 est,
611 1485 761 1518 tamen
802 1490 852 1520 ea
882 1489 950 1519 res
980 1490 1073 1519 non
1102 1474 1222 1521 tollit
1251 1472 1553 1523 testimonium

150 1545 243 1591 hoc
272 1546 487 1607 Spiritus,
539 1540 659 1604 quod
689 1551 734 1587 et
762 1540 815 1587 ad
848 1543 934 1586 iam
963 1540 1195 1587 credentes
1224 1545 1448 1608 pertinet,
1504 1550 1553 1590 et

149 1613 203 1659 ad
231 1628 336 1668 eos,
403 1612 481 1674 qui
511 1607 714 1655 nondum
753 1625 807 1655 eo
837 1606 1039 1672 perduffi
1070 1609 1189 1663 sunt,
1259 1621 1306 1657 vt
1333 1627 1389 1658 eo
1428 1612 1552 1657 veni-

146 1697 222 1736 re,
287 1690 334 1725 et
375 1677 536 1725 deinde
579 1674 699 1722 dona
738 1678 923 1740 Spiritus
963 1674 1108 1723 Sanssi
1147 1679 1309 1724 maiora
1350 1681 1551 1742 accipere

146 1746 333 1811 poffint,
403 1756 449 1793 et
489 1746 565 1808 qui
602 1745 789 1807 Spiritus
833 1747 873 1790 S.
913 1742 1082 1790 bonum
1123 1760 1237 1806 opus
1273 1747 1319 1790 in
1358 1742 1551 1791 homini·

146 1814 228 1862 bus
270 1811 465 1877 perficit,
533 1811 651 1857 idem
691 1812 824 1857 etiam
856 1812 1063 1873 incipit„
1100 1811 1321 1867 Phi1.1‚6.
1386 1813 1548 1858 Homi-

148 1899 229 1936 nes
269 1883 351 1938 illi,
418 1882 497 1944 qui
545 1896 568 1925 a
604 1881 769 1924 Senatu
807 1878 1213 1941 Hierosolymitano
1252 1877 1362 1925 miffi
1408 1890 1556 1937 erant,·

145 1959 196 1998 vt
236 1948 379 1996 Iesum
433 1957 646 2011 caperent
692 1957 738 1992 et
781 1955 961 2009 captum
999 1944 1052 1992 ad
1103 1962 1205 1992 eum
1256 1945 1550 2004 adducerent,

146 2014 354 2065 nondum
383 2013 625 2062 credebant
651 2016 695 2060 in
723 2013 893 2071 Iesum,
934 2013 1006 2059 sed
1035 2030 1140 2060 cum
1169 2030 1274 2061 eum
1303 2013 1545 2062 docentem

144 2083 373 2140 audirent,
442 2086 504 2129 ita
551 2084 766 2129 commoti
805 2080 905 2129 sunt
941 2083 1035 2128 eius
1075 2082 1304 2136 oratione,
1373 2094 1420 2130 vt
1453 2085 1547 2130 eius

146 2152 430 2200 diuinitatem
458 2167 550 2197 non
577 2148 750 2213 poffent
788 2165 881 2196 non
909 2149 1169 2210 agnoscere,
1237 2148 1544 2216 dicerentque,

145 2220 377 2266 neminem
415 2235 609 2282 vnquam
638 2218 868 2263 hominem
902 2216 959 2263 sic
985 2214 1071 2264 effe
1106 2216 1329 2275 locutum,
1394 2220 1545 2282 itaque
1599 2220 1608 2233 '

141 2286 188 2334 se
215 2302 310 2335 non
335 2283 575 2332 sustinuisse
602 2287 641 2330 ei
664 2301 818 2331 manus
838 2285 1027 2331 iniicere.
1096 2287 1157 2331 Io.
1181 2288 1275 2342 VII,
1296 2296 1372 2346 37.
1402 2288 1546 2333 Hune

139 2354 311 2402 sensum
347 2355 411 2401 illi
437 2364 697 2416 acceperant
724 2351 841 2398 haud
871 2350 1006 2398 dubie
1037 2369 1059 2398 a
1088 2354 1249 2416 Spiritu
1271 2350 1435 2400 Sansso
1460 2370 1551 2418 per*

137 2422 328 2469 verbum
362 2418 520 2469 Christi
549 2423 594 2466 in
629 2421 677 2465 iis
715 2432 950 2483 operante:
987 2437 1010 2466 a
1046 2419 1208 2482 quibus
1237 2421 1368 2467 initiis
1394 2437 1453 2467 an
1485 2420 1543 2468 ad

136 2486 464 2554 perfeffionem
511 2486 612 2534 fidei
652 2489 961 2551 peruenerint,
1031 2503 1123 2533 non
1163 2487 1374 2535 traditum
1415 2485 1485 2533 est·
1514 2499 1556 2534 a*

135 2559 327 2606 Ioanne:
396 2572 482 2603 nec
518 2553 581 2601 est
617 2563 772 2602 tamen
810 2553 1117 2621 improbabile,
1185 2558 1232 2603 in
1275 2554 1539 2619 quibusdam
1618 2591 1650 2595 ψ

1389 2622 1537 2669 saltem

1649 2370 1650 2383 i

1648 2493 1650 2526 4

1648 2529 1650 2555 1
