1682 3068
0 0 98 108 Ξ,
127 7 132 14 Α

529 185 993 239 ”ι.ιπσνΑιιν’κ
1055 187 1071 195 ’
1156 202 1177 228 ²-
1388 192 1490 248 '427

34 363 37 370 Δ
84 309 141 369 ὃ
159 332 252 383 quo
276 312 558 365 etimnihil
577 312 856 362 incommodi
885 310 949 359 est
974 311 1029 359 ad
1055 327 1152 359 rem
1185 305 1490 359 Christianam.

85 385 242 435 Sed'in
254 386 527 435 hoc-errauit
541 383 856 437 vehementer,
889 381 1014 445 qnod
1032 397 1137 427 eum
1160 390 1336 427 motum
1355 374 1492 424 semel

90 450 433 519 impoeffumssiu
447 449 642 498 tmnfiss'e
666 447 887 505 defendit,
929 460 979 495 vt
1007 465 1236 511 nunquam
1263 447 1491 511 repetere·

93 534 182 570 tur.
246 522 367 567 Nam
386 518 432 566 id
447 518 627 584 prorsus
644 527 868 583 repugnat
888 517 939 562 iis
951 551 964 572 ‚
994 533 1107 579 quae
1125 515 1306 561 Paullus
1327 512 1382 558 de
1398 513 1492 559 hoc

93 587 352 636 charismate
369 586 447 634 suo
467 598 515 634 et
530 587 718 634 aliorum
730 581 1080 632 Christianorum
1101 585 1220 629 inter
1232 581 1496 629 Corinthios

16 702 21 705 .
87 654 254 703 tradit:
288 651 342 701 ex
363 653 528 719 quibus
546 655 711 701 clarum
734 650 820 708 est,
861 668 964 698 eum
993 661 1170 697 motum
1191 647 1363 697 rediisse
1398 646 1497 695 sub·

71 721 201 770 ,inde
229 725 347 770 inter
370 732 645 778 conuentus,
696 722 774 786 qui
802 719 1022 766 sacrorum
1053 716 1190 764 caussa
1218 716 1402 769 fierent,
1441 713 1499 761 ad

92 789 217 838 Vsum
234 790 444 855 precandi
459 790 718 837 etveritatis
744 786 998 843 firmandae.
1078 789 1135 832 Et
1161 795 1351 849 propter
1379 785 1498 830 hanc

0 880 6 886 ·
91 850 279 905 eauffarn
296 855 418 904 reae
436 857 616 905 defendi
637 853 802 921 potest,
845 854 894 901 id
914 853 1123 902 charisma
1149 850 1357 907 tenuisse,
1401 852 1499 916 qui-

0 978 5 995 ,
79 923 182 976 ‚bus
199 923 475 986 contigisset,
509 923 638 991 ἕξεως
652 927 820 974 habitus
840 923 1001 978 modo,
1031 919 1153 985 quod
1172 918 1372 967 defendit
1392 935 1499 965 cum

95 994 190 1039 aliis
213 993 536 1049 Warburtonus,
567 992 641 1040 sed
663 1009 758 1040 non
779 988 1015 1045 haaenus,
1041 1000 1091 1036 vt
1108 1006 1183 1035 eas
1202 990 1385 1048 linguas,
1404 987 1499 1051 qui·

94 1058 181 1108 bus
198 1062 243 1107 in
263 1062 341 1108 illo
362 1072 493 1109 motu
511 1060 665 1108 diuino
695 1061 1010 1125 loquerentur,
1054 1060 1112 1104 ita
1133 1054 1284 1121 postea
1302 1057 1348 1101 in
1371 1064 1501 1119 pote-

97 1126 206 1176 state
225 1128 460 1185 haberent,
496 1140 545 1176 vt
564 1131 615 1176 iis
637 1131 700 1175 vti
722 1130 770 1175 in
791 1129 878 1175 vita
899 1124 1179 1191 quotidiana,
1221 1125 1269 1170 in
1290 1122 1503 1169 sermoni·

0 1199 2 1203 ’
97 1195 183 1244 bus
212 1197 567 1261 quibuscunque,
613 1199 659 1243 iu
697 1195 929 1243 scribendo
967 1191 1165 1260 possent,
1217 1189 1340 1256 quod
1376 1189 1503 1236 secus

95 1261 240 1318 fuisse,
260 1280 341 1328 per
358 1281 411 1311 ea
428 1265 702 1324 intelligitur,
729 1281 842 1327 quae
860 1263 984 1326 supra
999 1261 1331 1325 dispunuimus.
1366 1256 1507 1315 Quod

0 1385 3 1406 Ι
97 1329 134 1378 fi
153 1333 213 1378 ita
231 1347 326 1377 rem
347 1330 657 1394 concepissent,
676 1329 984 1395 comparandis
1004 1329 1244 1390 diligenter
1262 1327 1372 1374 locis
1391 1327 1506 1372 Scri·

0 1408 2 1411 ’
101 1410 338 1464 pturarum
367 1417 423 1445 eo
453 1398 799 1463 pertinentibus,
839 1408 981 1444 totam
1010 1397 1129 1443 illam
1157 1395 1510 1460 disputationem

46 1482 49 1483 ’
98 1466 163 1514 de
188 1482 354 1527 genere
382 1469 596 1513 orationis
621 1465 924 1531 Apostolicae,
966 1464 1112 1528 quoad
1134 1463 1433 1522 grammaticis
1461 1471 1509 1507 et

103 1534 339 1582 rhetoricis
361 1533 535 1598 ‚artibus
563 1534 796 1589 iudicatur,
841 1533 896 1580 ab
924 1535 1008 1580 hac
1037 1530 1178 1579 caussa
1206 1530 1293 1578 effe
1321 1530 1509 1577 alienam

0 1641 3 1650 ,
102 1599 307 1650 vidissent
316 1618 331 1662 3
374 1603 422 1648 in
448 1619 537 1666 qua
565 1613 611 1648 et
634 1604 889 1649 Midletonus
915 1599 1161 1663 grauissime
1187 1611 1235 1646 et
1260 1597 1509 1665 periculose
1586 1613 1593 1620 ·’

6 1712 27 1733 ,.
104 1673 282 1726 antiit,
314 1685 419 1715 cum
439 1672 691 1716 orationem
712 1685 913 1730 graecam
933 1665 1262 1732 Apostolorum.
1276 1665 1508 1727 indignam

18 1732 21 1738 “
105 1733 191 1785 esse
209 1741 309 1784 Deo
327 1733 531 1792 austere,
570 1754 656 1784 nec
675 1739 892 1797 originem
910 1755 935 1783 a
955 1737 1121 1800 Spiritu
1142 1738 1181 1783 S.
1200 1733 1365 1783 habere
1381 1730 1510 1799 posse

14 1825 21 1856 ς.
100 1803 328 1862 defendit,
366 1804 490 1869 quod
516 1806 845 1865 grammaticam
874 1815 921 1852 et
951 1803 1221 1851 rhetoricam
1242 1802 1509 1864 elegantiam

0 1907 6 1918 .
99 1888 203 1920 ‘non
222 1871 402 1928 habeat,
430 1883 479 1919 et
501 1871 814 1922 lVarburtonus
830 1872 942 1919 fecit
958 1889 1116 1937 pamm
1134 1872 1362 1931 eleganter
1374 1907 1387 1927 ,
1423 1885 1510 1915 nec

105 1950 158 1987 vt
176 1939 363 2000 dignum
388 1950 483 1985 erat
508 1951 636 1986 tanta
654 1938 851 1987 doarina
875 1940 969 1995 sua,
1004 1956 1110 1987 cum
1128 1942 1353 1987 Midletoni
1378 1937 1508 1985 refel-

14 2004 21 2007 ⁷
109 2006 229 2054 leudi
248 2003 408 2062 mussa,
446 2007 575 2071 super
592 2005 744 2053 indole
764 2007 1039 2068 linguarum,
1074 2023 1120 2052 et
1138 2018 1236 2053 tota
1257 2007 1342 2053 hac
1369 2002 1513 2052 caussa

109 2071 483 2140 philosophando,
501 2091 558 2120 eo
580 2072 814 2128 descendit,
835 2083 887 2121 vt
903 2076 1151 2121 orationem
1172 2076 1362 2121 maxime
1381 2074 1519 2120 vitio··

105 2141 200 2189 ,sam
220 2139 383 2197 verbis,
428 2143 527 2188 Deo
548 2152 596 2189 et
610 2141 832 2202 religione
848 2140 1134 2202 dignissimam
1156 2141 1346 2198 dioeret3
1390 2139 1512 2187 vicis·

109 2207 212 2266 iim,
252 2224 355 2255 cum
385 2207 552 2256 refutet
568 2211 845 2256 Midletonum
874 2212 950 2270 (L.
969 2213 1005 2257 1.-
1024 2226 1061 2255 ο.
1082 2215 1151 2270 7.)
1180 2206 1514 2263 existimantem,

103 2293 256 2339 >genus
276 2278 518 2334 orationis,
549 2275 668 2341 quod
689 2277 875 2339 Spiritus
898 2274 1067 2324 sanans
1087 2278 1319 2338 suggerat,
1349 2274 1513 2322 debere

106 2342 199 2395 esse
218 2361 271 2390 ex
293 2345 419 2392 omni
436 2355 562 2408 parte
580 2341 844 2408 pei-festum,
867 2344 973 2407 ipse,
994 2343 1049 2391 de
1066 2344 1354 2408 inspiratione
1371 2343 1514 2392 libro—

102 2429 215 2462 -mm
233 2411 455 2459 sacrorum
474 2410 681 2460 differens
699 2410 1066 2476 praecedentibus
1085 2410 1312 2478 capitibus,
1339 2410 1514 2459 senten-

106 2482 219 2528 t‘nm
251 2479 308 2527 de
338 2477 625 2544 inspiratione
652 2479 889 2527 verborum
918 2496 1001 2542 pro
1029 2477 1321 2545 superstitiosa
1351 2481 1517 2534 reiicit,

110 2547 271 2596 iisdem
290 2547 386 2594 fere
404 2546 461 2593 de
481 2546 645 2602 causiis,
676 2546 839 2611 quibus
860 2549 1118 2594 Midletonus
1134 2548 1182 2594 in
1203 2548 1275 2595 sua
1292 2547 1514 2595 sententia

115 2613 393 2664 defendenda
411 2626 504 2663 erat
520 2615 633 2663 vsus.
661 2613 790 2662 Adeo
809 2615 1015 2662 homines
1032 2617 1166 2662 etiam
1189 2613 1421 2663 dostiffimi
1436 2612 1515 2660 sibi

108 2675 213 2733 fnon
231 2680 457 2741 constant,
499 2700 607 2733 cum
624 2685 674 2732 in
693 2681 953 2752 disputando
974 2698 1090 2743 non,
1134 2683 1243 2751 quid
1262 2700 1367 2734 vera
1394 2684 1518 2747 prin-

1406 2765 1517 2817 cnpm
