1682 3068
491 155 1134 189 11VRA10R1V÷S
1449 153 1513 200 39

31 286 36 290 ·
102 266 315 326 Licurgiis
343 266 512 311 Orient.
545 260 1106 319 transsubstantiationem,‘
1131 259 1233 310 addi
1262 259 1505 308 commode

100 350 130 383 a
145 331 343 380 studiosis
369 341 597 398 poterunt.

203 399 370 456 Restat,v
399 412 459 445 ‘vt
479 397 674 444 dicamus
696 395 750 442 de
768 397 877 443 locis
897 397 969 452 iis,
1012 396 1085 444 vbi
1105 400 1292 459 Spiritus
1320 396 1499 444 sanstus

102 469 263 516 dicitur
274 485 423 530 panem
428 467 599 528 facere,
616 465 819 526 'conficere
837 480 993 524 corpus
1015 466 1179 527 Christi,
1201 469 1338 513 vinum
1357 473 1498 512 autem

87 538 335 602 sanguinem
364 534 540 597 Christi,
584 532 659 579 vbi
677 536 807 594 panis
821 532 931 594 fieri
960 549 1061 579 caro
1090 532 1117 578 f.
1138 551 1286 596 corpus
1307 533 1498 590 Christi;

98 620 212 668 quae
230 600 332 649 sunt
350 601 568 665 permulta
587 603 631 647 in
656 599 1015 648 Ochdentalium
1048 609 1094 644 et
1114 601 1406 647 Orientalium
1427 603 1496 647 Li-

97 668 263 731 turgiis.
337 673 433 716 Has
462 679 613 715 autem
639 667 852 732 loquendi
870 667 1035 714 formas
1057 684 1150 712 non
1179 671 1406 731 pertinere
1439 666 1495 714 ad

93 735 349 786 substantiae
368 734 725 790 conuersionem,
766 738 825 782 ita
850 733 975 798 saepe
1001 732 1166 782 ditium
1187 733 1247 780 est
1273 754 1295 782 a
1326 736 1494 791 multis,

53 800 56 802 Δ
91 805 324 860 Marnaeo,
360 806 604 860 Albertino,
646 805 841 860 Claudio,
873 803 1110 857 Blondello‚
1139 801 1493 866 nostratibusque

91 873 357 933 Theologis,
374 884 423 920 vt
444 870 618 919 taedeat
636 871 798 934 aliquid
815 868 989 918 addere.
1053 869 1137 917 Sed
1162 872 1356 933 virorum
1370 887 1492 934 prae-

89 939 444 989 stantiffi’morum
465 956 603 1004 opera
622 939 690 986 his
711 939 754 985 se
773 937 935 985 finibus
957 940 1195 994 continuit,
1226 948 1275 984 vt
1295 938 1388 984 aliis
1408 940 1493 983 Ec-

89 1005 424 1056 clefiasticorum
443 1010 717 1072 Scriptorum
737 1007 846 1053 locis
865 1004 1170 1062 ostenderent,
1217 1023 1374 1053 verum
1406 1004 1491 1053 effe

30 1131 35 1134 ,
88 1075 214 1142 quod
237 1076 423 1141 Cyrillus
438 1077 561 1123 Alex.
584 1077 631 1121 in
643 1073 874 1123 Thesauro
893 1072 1031 1121 affert.
1046 1092 1120 1121 σο.
1146 1073 1271 1122 dixit:
1307 1071 1359 1121 τὸ
1379 1072 1493 1137 γενέ-

88 1144 206 1204 σθαι
228 1146 256 1197 8'
274 1141 452 1197 πάντως
477 1139 659 1206 φύσεως
686 1141 884 1206 σημαίνει
910 1137 1178 1207 μεταβολήν.
1219 1160 1258 1190 v.
1280 1143 1490 1190 Albertin.

86 1230 134 1278 p.
154 1227 266 1272 509.
293 1229 330 1259 a.
427 1211 552 1258 Mihi
579 1221 729 1258 autem
759 1212 930 1276 optime
959 1214 1159 1257 Romana
1185 1211 1298 1257 ratio
1326 1209 1489 1265 refelli,

89 1291 137 1327 et
155 1295 257 1326 vera
275 1281 368 1327 eiu's
387 1278 608 1326 formulae
627 1281 694 1326 vis
713 1280 902 1343 reperiri
921 1277 1045 1344 poffe
1064 1277 1257 1332 videtur,
1300 1275 1333 1324 fi
1354 1279 1490 1338 origi-

88 1363 194 1393 nem
214 1349 311 1392 eius
331 1345 594 1406 indagemus
615 1356 662 1392 et
680 1344 1021 1394 confideremus
1087 1349 1186 1407 Ego
1207 1355 1356 1392 autem
1377 1345 1491 1392 mihi

88 1412 260 1460 dudum
280 1412 413 1460 habui
430 1412 705 1478 persuasum,
749 1413 866 1460 hanc
882 1411 1050 1480 φςσὶσιν
1076 1412 1314 1460 arceffitam
1345 1411 1431 1459 effe
1464 1408 1497 1457 e*

88 1481 315 1528 Iohanneo
333 1481 604 1542 Euangelio,
649 1491 696 1526 et
715 1481 862 1528 verbis
892 1481 977 1528 illis
1001 1479 1254 1535 notiffimiS,
1299 1482 1321 1529 ὁ
1349 1478 1490 1543 λόγος

0 1588 1 1604 ,
85 1545 214 1615 cde}
229 1546 404 1610 ἐγένετο.
502 1551 558 1594 In
584 1565 681 1594 eam
700 1548 969 1596 sententiam·
984 1547 1095 1596 duae
1116 1564 1191 1596 me
1206 1565 1279 1594 res
1298 1550 1491 1596 maxime

0 1609 1 1680 ff
82 1615 314 1679 impulere.
393 1616 560 1671 Prima,
600 1633 737 1680 eaque
755 1615 1024 1676 grauiffima,
1066 1615 1186 1680 quod
1206 1614 1487 1681 antiquiffimi

83 1683 319 1748 scriptores
331 1681 608 1730 Ecclesiastici
628 1681 883 1747 mysterium
902 1684 993 1731 hoe
1003 1681 1350 1732 Eucharisticum
1363 1700 1487 1731 com·

82 1761 240 1816 parant
263 1765 371 1798 ‘cum
403 1748 609 1815 mysterio
640 1748 969 1819 ἑνσαςκώσεως,
1018 1750 1371 1818 simillimamque
1402 1749 1488 1799 effe

83 1821 317 1883 Vtriusque
344 1821 566 1865 rationem
594 1823 908 1884 pronuntiant,
955 1817 1147 1885 denique
1172 1819 1281 1867 illud
1310 1837 1362 1868 ex
1395 1820 1487 1868 hoc

82 1886 296 1948 intelligi,
341 1887 641 1952 explicarique
678 1889 859 1944 volunt,
906 1898 955 1934 vt
981 1889 1122 1935 altero
1152 1890 1298 1952 eapite
1325 1887 1486 1936 videbi-

80 1971 197 2000 mus.
297 1954 633 2018 Antiquiffimus
656 1957 748 2002 eius
777 1957 842 2002 rei
869 1954 1021 2002 austor
1055 1954 1117 2002 est
1136 1957 1336 2020 Iustinus,
1375 1956 1481 2002 loco

79 2020 210 2085 supra
234 2020 490 2085 proposito,
537 2024 632 2087 qui,
668 2023 1044 2088 quemadmodum
1077 2021 1098 2074 ὁ
1129 2025 1289 2087 λόγος,
1339 2024 1480 2071 Filius

77 2089 160 2136 Dei
181 2099 408 2143 aeternus,
440 2089 581 2136 homo
597 2089 732 2138 fastus
751 2089 803 2138 fit
822 2090 1200 2158 (σαξκοποιηθεὶς)
1235 2091 1296 2138 {ic
1315 2107 1480 2156 panem

79 2155 207 2203 illum
228 2166 275 2202 et
295 2158 446 2204 vinum
467 2159 770 2221 εὖλογημένον,
803 2176 893 2222 quo
914 2176 996 2222 per
1017 2157 1360 2217 coneofflonem
1382 2175 1481 2205 cor·

77 2240 166 2288 pus
197 2221 397 2270 nostrum
424 2224 587 2284 alatur,
628 2226 1172 2294 ἱΙῙὶυε-σαξκοποιηθέντος
1197 2227 1291 2274 Iesu
1325 2224 1480 2294 σάξκιι

79 2287 154 2350 καὶ
170 2290 290 2351 αἷμα
307 2289 390 2338 effe
410 2290 528 2339 dicit.
595 2295 744 2342 Altera
761 2293 845 2350 est,
879 2295 1000 2360 quod
1027 2299 1135 2343 etin
1157 2295 1247 2359 ipsa
1266 2294 1337 2341 illa
1358 2311 1482 2347 com-

78 2361 330 2425 paratione,
372 2369 418 2404 et
436 2360 562 2414 alias,
595 2378 699 2409 cum
719 2359 857 2408 verbo
873 2360 1101 2425 ‘ysne-Say,
1128 2362 1237 2425 fieri
1265 2372 1312 2408 et
1329 2365 1482 2427 fizcere

78 2435 267 2474 vtuntur
289 2429 335 2473 in
356 2427 443 2472 hac
459 2425 615 2483 eauffa,
646 2428 857 2476 libentius
873 2446 1019 2495 prope
1036 2447 1211 2487 carnem,
1242 2447 1374 2494 quam
1393 2441 1480 2477 cor-

70 2504 158 2557 pus
178 2493 342 2542 dicunt.
398 2495 400 2498 ’
418 2497 506 2541 Iam
528 2494 560 2541 fi
582 2495 686 2543 inde
705 2495 832 2543 fluxit
847 2496 995 2544 forma
1012 2495 1087 2550 ista
1107 2497 1341 2564 loquendi,
1382 2498 1480 2560 quis

79 2577 174 2608 non
194 2561 334 2614 videt,
353 2561 456 2609 inde
478 2565 607 2608 etiam
630 2566 1045 2628 interpretationem
1065 2567 1157 2612 eius
1176 2565 1482 2630 repetendam,

80 2627 507 2697 existimandumque
526 2628 632 2688 effe,
663 2648 826 2697 panem
845 2634 905 2680 im
923 2631 1020 2680 fieri
1037 2649 1202 2700 corpus
1223 2632 1404 2688 Christi,
1434 2641 1486 2676 vt

90 2706 103 2717 ⁹
766 2702 801 2746 C
830 2715 860 2758 4
1382 2715 1485 2745 cum
