1682 3068
196 182 290 232 ¹1?
822 181 1035 215 Axe-rx

193 288 458 352 agnoscitur.
507 285 593 333 Sed
614 279 853 335 marimum
873 290 1031 336 vitium
1052 289 1099 335 in
1119 305 1166 336 ea
1186 306 1237 337 re
1261 288 1353 338 hoc
1371 287 1457 350 est,
1477 291 1601 356 quod

193 375 287 405 non
312 352 586 402 demonstrat
603 353 672 416 id,
704 355 825 420 quod
849 359 1039 403 maxime
1062 356 1331 419 postulatur,
1367 358 1599 422 quomodo

194 442 346 472 earum
369 439 553 488 precum
571 422 746 470 scientia
762 423 815 471 ad
835 425 1020 470 coelites
1040 428 1296 487 perueniat,
1333 434 1383 472 vt
1399 427 1450 472 iis
1474 442 1600 473 com·-

194 496 308 541 moti
332 493 495 538 faciant
515 489 744 546 libentius,
777 492 900 555 quod
925 495 1060 538 etiam
1081 509 1173 538 non
1194 495 1339 553 rogati
1360 493 1539 550 faciunt,
1555 504 1605 549 vt

194 579 281 628 pro
303 559 434 607 nobis
454 558 702 624 supplicent
712 562 836 606 Deo:
869 559 992 623 quod
1012 559 1138 606 secus
1157 558 1254 615 effe,
1273 574 1376 607 cum
1396 562 1604 608 vinorum

193 628 408 696 ,precibus
427 626 691 673 neceffitates
720 625 885 674 nostras
914 627 1303 682 commendamus,
1343 631 1389 674 in
1425 638 1605 692 promtu
1646 618 1657 625 „

199 694 273 744 est.
318 700 379 743 Ita
396 692 600 759 profesto
621 711 690 740 res
712 693 856 741 habet.
899 699 1181 757 Quamquam
1201 697 1340 742 multa
1358 697 1407 742 in
1426 693 1605 757 lingulis

197 764 515 828 Disputa'tionis
536 763 668 809 huius
682 763 932 823 Liturgicae
951 762 1148 826 partibus
1168 763 1280 821 falsa,
1301 763 1450 817 aliena,
1471 765 1606 811 inten-

198 832 311 879 dum
330 830 504 896 prorsus
526 831 782 890 nugatoria,
827 828 955 886 dixit,
990 838 1038 875 vt
1056 829 1267 877 vidimus:
1325 842 1472 877 tamen
1509 847 1605 879 non

176 899 404 955 ,sustinuit
423 899 538 945 hanc
555 913 650 943 rem
672 897 908 956 attingere,
951 912 1054 943 cum
1073 913 1161 943 nec
1186 911 1324 959 nugas
1343 897 1606 959 Theologo-

195 984 297 1015 rum
319 967 500 1013 suorum
522 979 876 1011 commemorare
896 961 1100 1021 auderet,
1121 974 1169 1012 vt
1185 968 1362 1030 opinor,
1378 981 1464 1013 nec
1483 963 1606 1014 aliud

193 1035 354 1084 melius
381 1033 473 1098 ipse
503 1033 698 1078 haberet.
1584 1039 1588 1042 ’

299 1101 396 1152 Sed,
429 1101 637 1165 quoniam
659 1096 884 1146 confilium
907 1100 1150 1147 Muratorio
1169 1097 1275 1158 fuit,
1300 1101 1607 1162 Liturgiarum

193 1171 502 1234 antiquiorum
530 1165 795 1215 testimoniis
826 1165 1092 1213 confirmare
1122 1169 1389 1232 opinionum
1418 1175 1608 1218 rituum-

198 1255 288 1303 que
316 1241 542 1284 Romanae
572 1232 790 1281 Ecclesiae
816 1236 1152 1298 antiquitatem,
1195 1235 1499 1300 exspestabam
1535 1239 1607 1286 hic

193 1307 297 1354 talia
327 1303 597 1357 testimonia,
634 1303 797 1364 quibus
824 1313 1083 1365 appareret,
1120 1298 1287 1350 Sanstis
1307 1304 1605 1368 supplicatu-m

196 1372 305 1429 ess‘e,
336 1383 384 1419 vt
402 1376 550 1419 Deum
571 1370 700 1416 nobis
721 1369 803 1414 suis
825 1367 1030 1433 precibus
1049 1368 1286 1433 placarent.
1344 1373 1605 1421 Enimvero

196 1460 248 1488 ea
267 1441 395 1504 plane
425 1439 543 1485 nulla
570 1437 672 1483 sunt
702 1436 892 1501 prolata,
937 1452 1024 1482 nec
1053 1436 1306 1499 eLiturgiir»
1334 1441 1528 1508 antiquis
1559 1450 1606 1488 et

198 1509 488 1571 incorruptis,
528 1521 613 1551 nec
633 1523 659 1551 e
677 1507 744 1550 SS.
765 1507 946 1551 Patrum
968 1506 1272 1568 antiquiorum
1294 1505 1426 1554 libris.
1504 1512 1607 1555 Pro-

196 1578 409 1624 feruntur
420 1574 519 1620 sane
540 1574 637 1619 loca
654 1573 842 1636 plurima
853 1573 1154 1631 Liturgiarum
1175 1573 1422 1632 latinarum,
1437 1591 1481 1638 p.
1497 1583 1606 1633 258.

196 1644 273 1693 sed
294 1647 346 1689 iis
369 1642 485 1688 nihil
504 1640 621 1687 aliud
640 1637 896 1695 conficitur,
941 1654 1027 1684 nec
1054 1638 1277 1687 conficere
1296 1641 1412 1688 velle
1430 1641 1606 1690 videtur

197 1713 492 1764 Muratorius,
531 1724 666 1773 quam
689 1722 862 1753 morem
882 1704 1025 1762 fuisse,
1064 1706 1242 1754 laudare
1260 1711 1410 1756 Deum
1430 1707 1606 1757 Sanan*-

196 1789 377 1828 rumret
407 1780 667 1839 Martyrum
697 1773 858 1830 caussa,
912 1790 1108 1838 eumque
1138 1792 1317 1836 rogare,
1368 1787 1419 1824 vt
1445 1793 1605 1826 eorum

196 1845 404 1914 precibus
424 1854 681 1891 commotus
709 1842 824 1890 bene
844 1843 973 1889 faciat
993 1844 1116 1889 viuis.
1161 1841 1247 1889 Sed
1265 1857 1467 1909 repente,
1486 1842 1605 1910 quafi

199 1917 293 1963 hoc
310 1916 396 1960 iam
421 1913 588 1959 clarum
613 1909 729 1964 effet,
751 1913 812 1975 (p.
835 1927 928 1970 259
949 1909 1090 1966 med.)
1112 1913 1347 1977 confugium
1365 1918 1422 1975 ad
1437 1914 1609 1961 Sunflos

201 1985 313 2032 coelo
323 1984 493 2044 potitos
512 1990 859 2034 commemorat,
891 1977 1026 2042 idque
1047 1996 1070 2025 a
1089 1978 1216 2026 nobis
1238 1980 1481 2045 improbari
1501 1996 1607 2045 que-

199 2054 322 2100 ritur.
427 2047 566 2104 Quod
587 2049 684 2110 quis
706 2063 799 2092 non
822 2047 941 2092 videt
962 2044 1047 2091 effe
1067 2044 1305 2110 sophistae,
1346 2064 1479 2113 quam
1507 2058 1605 2098 rem

199 2119 313 2167 {erio
335 2119 488 2179 agenti
505 2127 550 2163 et
568 2116 766 2177 legitime
789 2112 1107 2161 demonstranti
1128 2113 1336 2162 similius?

275 2255 384 2309 VII.
425 2255 542 2305 Pani
575 2251 814 2323 consecrato
831 2250 936 2322 pqst
954 2251 1253 2323 Eucharistiae
1269 2250 1475 2324 sohmm‘a
1501 2249 1607 2303 male

349 2332 550 2382 honorem
591 2329 751 2381 haberi.

295 2449 339 2494 Si
361 2450 464 2511 pani
482 2446 759 2502 consecrato,
777 2446 896 2492 inter
915 2445 1004 2509 ipsa
1022 2445 1362 2493 consecrationis
1380 2444 1603 2500 solemnia,

182 2515 318 2563 ‚male
341 2516 489 2561 honos
521 2511 851 2580 προσκυνήσεως
884 2512 1094 2571 habetur,
1138 2530 1282 2576 neque
1304 2514 1604 2572 L-iturgiarum

199 2584 274 2630 ille
292 2585 570 2645 antiquarum
583 2617 592 2635 ,
626 2593 670 2628 et
691 2583 847 2628 veteris
868 2580 1081 2627 Ecclesiae
1102 2579 1362 2627 auRoritate
1379 2578 1602 2627 firmatur:

199 2649 346 2700 multo
365 2652 515 2701 minus
536 2647 739 2713 profefiio
760 2648 943 2714 probari
962 2647 1109 2714 potest
1123 2665 1172 2695 ea
1191 2650 1302 2696 ratio
1321 2645 1422 2712 post
1434 2648 1603 2694 Eucha-

1462 2713 1602 2764 ristiae
