1682 3068
197 166 302 215 254
509 167 804 199 vmmcmr.
839 169 1088 211 annu-nn
1127 169 1311 203 nxvnu

204 275 412 322 conuerti
423 290 438 336 3
471 291 524 322 ex
543 292 636 340 quo
660 292 824 337 genere
843 277 943 324 sunt
961 275 1083 324 bona
1104 277 1266 334 omnia,
1282 292 1398 341 quae
1416 278 1610 327 humana

201 343 342 404 vulgo
364 353 410 390 et
429 353 603 391 terrena
626 342 847 400 dicuntur,
883 344 1043 409 quibus
1064 362 1211 408 neque
1231 345 1411 392 tributis
1427 349 1608 411 proprie
1652 339 1665 351 '

202 407 434 456 beatusfit
452 411 620 467 homo,
670 428 814 476 neque
835 410 1061 468 donastis,
1105 429 1228 469 vere,
1273 424 1318 460 et
1349 423 1397 459 vt
1415 413 1609 460 Philoso-

201 477 284 543 phi
311 494 362 525 ac
393 478 626 539 Theologi
648 480 933 543 loquuntur,
979 479 1116 526 miser.
1220 483 1325 527 Nec
1351 496 1489 545 porro
1520 481 1610 528 hoe

202 543 432 592 arbitrium
447 547 506 593 ita
524 551 623 593 Deo
639 544 891 603 tribuimus,
911 556 959 592 vt
978 545 1031 592 ab
1053 557 1201 594 cetera
1217 549 1312 594 eius
1331 544 1609 611 perfefflone

201 611 382 678 Brorsus
405 611 645 660 seiunstum
657 615 866 666 velimus3
898 613 971 662 sed
984 614 1316 672 eiadiungimus
1335 613 1608 680 sapientiam,

192 697 316 744 vquae
340 681 408 727 vel
430 680 678 744 praecurset
698 682 791 728 eius
813 679 1011 737 decreta,
1048 682 1118 727 vel
1149 681 1361 746 sequatur.
1440 685 1610 746 Neque

201 749 324 794 enim
341 747 533 795 'dubitari
558 746 714 812 potest,
745 750 853 811 quin
881 749 950 794 vel
971 750 1014 794 in
1038 748 1284 795 tribuendis
1307 752 1474 796 maiora
1499 765 1606 796 con·

198 813 294 862 filia
307 849 319 867 ,
347 817 393 861 in
412 832 561 862 rerum
581 815 881 862 vniuersarum
901 814 1225 876 gubernatione
1242 814 1481 881 propofita,
1514 816 1608 881 spe-

200 880 313 938 stet,
348 882 420 929 vel
440 883 606 928 tributa
629 882 791 942 dirigat
807 882 859 928 ad
877 899 1088 944 magnum
1117 883 1295 947 aliquod
1327 884 1518 938 bonum,
1560 881 1607 929 id

199 947 323 1014 quod
347 951 387 995 ei
409 949 668 996 facillimum
692 949 764 997 est.
843 953 893 997 In
917 967 1008 1014 quo
1027 960 1176 997 tamen
1197 951 1361 998 clarum
1385 949 1466 1008 est,
1507 950 1607 997 nul·

192 1018 292 1065 ·lam
313 1015 532 1072 hominis,
557 1019 629 1064 cui
650 1016 910 1074 tribuantur,
927 1020 1144 1065 rationem
1163 1018 1278 1065 hanc
1297 1017 1464 1074 haberi,
1495 1034 1605 1081 quae

201 1101 307 1132 cum
339 1084 554 1145 dignitate
588 1094 634 1130 et
662 1086 823 1131 merito
859 1088 956 1132 eius
976 1088 1298 1147 coniungatur,
1345 1096 1392 1132 vt
1428 1083 1607 1134 iustitiae

199 1151 396 1206 diuinae,
433 1162 479 1199 et
499 1150 671 1199 cuidam
693 1151 956 1207 neceffitati‚
997 1170 1067 1199 res
1087 1152 1183 1199 data
1202 1153 1339 1201 videri
1360 1151 1503 1218 poffit.

306 1222 381 1274 68.
421 1221 473 1266 In
494 1236 609 1282 quo,
647 1230 696 1266 vt
725 1221 815 1267 hoc
845 1219 992 1266 obiter
1020 1218 1250 1277 addamus,
1272 1225 1451 1281 'magna
1479 1236 1607 1281 argu·

198 1295 355 1335 menta
373 1287 525 1333 insunt
549 1286 852 1334 defendendae
873 1286 1206 1351 dispensationis
1227 1287 1405 1335 diuinae
1415 1287 1602 1334 inrebus

199 1371 254 1402 ac
273 1353 404 1402 bonis
427 1356 540 1402 vitae
560 1355 798 1411 humanae,
842 1371 936 1401 non
957 1354 1223 1416 negligenda
1243 1358 1318 1410 iis,
1359 1357 1435 1419 qui
1457 1355 1500 1401 in
1521 1355 1605 1401 hac

201 1420 459 1471 defensione
482 1419 602 1469 reffle
622 1423 762 1469 velint
780 1423 959 1478 versari,
999 1433 1044 1469 et
1062 1422 1157 1469 satis
1181 1438 1412 1480 occurrere
1433 1422 1504 1470 vel
1523 1423 1605 1469 cri·

199 1488 518 1537 minationibus
549 1490 620 1536 vel
668 1489 1027 1537 dubitationibus
1062 1493 1116 1550 et}
1156 1490 1345 1555 querelis
1382 1490 1601 1537 humanis.

199 1561 327 1606 Nam
349 1556 472 1621 quod
489 1559 535 1604 in
553 1558 637 1604 hac
655 1558 724 1604 vel
743 1555 997 1604 defensione
1013 1558 1083 1604 vel
1102 1556 1405 1604 consolatione
1414 1560 1604 1602 maxime

197 1625 313 1673 solet
333 1623 415 1671 effe
434 1627 481 1671 in
501 1637 710 1688 promtu,
752 1635 799 1671 vt
815 1625 990 1670 futurae
1021 1622 1329 1686 postmortem
1348 1627 1462 1670 vitae
1481 1640 1601 1671 com-

199 1694 530 1740 memoratione
546 1690 755 1738 inuidiam
767 1690 1049 1738 detrahamus
1069 1690 1210 1744 boniS,
1231 1690 1604 1755 quibusimprobi

196 1760 325 1823 saepe
348 1761 394 1805 in
414 1759 497 1805 hac
516 1761 604 1805 vita
624 1756 840 1805 beneficio
862 1758 1013 1805 diuino
1034 1757 1263 1814 fruuntur,
1297 1769 1344 1805 et
1361 1758 1600 1822 aegritudi-

198 1844 305 1874 nem
324 1827 540 1890 leniamus
573 1824 793 1881 fidelium3
862 1825 930 1881 id,
973 1842 1239 1890 quamquam
1267 1823 1330 1871 est
1358 1825 1600 1874 admodum

198 1912 360 1957 graue,
393 1906 546 1941 tamen
564 1911 660 1940 rem
683 1909 776 1940 non
794 1893 972 1957 prorsus
994 1892 1187 1950 conficit,
1208 1904 1455 1957 propterea,
1477 1892 1600 1958 quod

196 1961 509 2026 improborum
541 1961 851 2023 indignitatem
873 1960 1166 2008 fruendorum
1189 1959 1343 2006 talium
1369 1959 1599 2008 bonorum

201 2047 297 2078 non
319 2029 454 2085 tollit,
473 2046 584 2094 quae
595 2029 845 2075 consentire
856 2045 957 2075 cum
978 2026 1137 2075 iustitia
1155 2038 1200 2074 et
1218 2026 1443 2076 sanffitate
1454 2029 1598 2076 diuina

196 2114 295 2144 non
315 2096 501 2144 videtur.
580 2095 662 2142 Sed
683 2094 714 2142 fi
734 2097 821 2143 hoc
841 2094 1166 2142 demonstretur
1184 2096 1265 2159 piis
1278 2130 1289 2149 ,
1330 2096 1383 2143 ad
1403 2094 1597 2142 maiesta-

197 2175 292 2212 tem
311 2167 399 2212 Dei
414 2165 653 2229 pertinere,
678 2175 726 2210 vt
746 2165 836 2210 eius
857 2165 1092 2228 imperium
1114 2162 1299 2208 liberum
1319 2163 1596 2224 agnoscatur,

198 2232 242 2280 id
263 2244 409 2279 autem
430 2235 476 2278 in
495 2231 651 2278 talibus
682 2231 814 2278 rebus
835 2233 1043 2286 maxime,
1087 2231 1340 2277 conseruata
1372 2230 1596 2277 sanEiitate

198 2299 367 2354 diuina,
409 2299 557 2346 doceri
579 2296 727 2362 poffe,
768 2298 924 2364 quibus
953 2301 1136 2362 proprie
1164 2297 1349 2344 felicitas
1373 2314 1464 2344 non
1487 2315 1595 2343 con-

196 2369 410 2423 tineatur,
460 2370 508 2413 in
536 2365 620 2413 hac
651 2366 738 2430 ipsa
766 2378 914 2413 autem
945 2366 1150 2412 libertate
1181 2363 1416 2428 vsurpanda
1441 2365 1595 2411 referri

198 2436 346 2481 omnia
366 2434 420 2480 ad
442 2432 616 2481 consilia
637 2437 752 2488 eius,
797 2450 907 2497 quae
938 2450 1040 2479 cum
1063 2434 1236 2492 generis
1265 2433 1445 2479 humani
1473 2449 1594 2499 com·

195 2502 342 2547 modis
374 2500 610 2558 vnjuerfis,
655 2518 756 2548 curn
777 2503 965 2548 vtilitate
996 2497 1198 2546 ecclesiae
1228 2497 1592 2546 coniunstionem

200 2567 416 2615 habeant:
465 2569 623 2616 cedant
640 2570 794 2632 vtique
816 2567 1005 2615 libenter
1026 2571 1149 2622 Deo,
1184 2578 1230 2612 et
1258 2567 1374 2613 suam
1392 2583 1592 2613 commo·

197 2633 399 2692 ditatem,
437 2647 483 2683 et
510 2636 742 2683 suauitates
760 2638 875 2684 vitae
903 2635 1164 2684 condonent
1183 2635 1278 2680 eius
1300 2633 1513 2681 voluntati
1546 2643 1592 2747 pt

1457 2717 1542 2748 con
1562 2718 1591 2747 ι-
