1682 3068
130 197 188 230 12
755 202 963 232 Arx-rr

127 301 372 351 cationibus
393 301 581 367 publicis
602 313 814 353 vteretur.
840 327 842 330 ·
913 305 1150 354 Laodiceni
1183 315 1328 354 autem
1352 305 1528 365 concilii

125 375 312 419 Canone
336 375 398 418 60
423 382 600 418 cautum
618 370 699 430 est,
740 391 798 422 ne
817 368 1004 437 ψαλμοὶ
1040 368 1238 424 ἰδιωτικοὶ
1269 375 1313 419 in
1337 370 1527 420 Ecclefia

122 441 417 486 recitarentur
455 438 735 502 (λέγωνται).
813 441 897 488 Sed
927 459 983 488 ne
1005 444 1134 489 nimis
1155 441 1306 489 omnia
1338 451 1527 488 conten·

121 506 297 562 damus,
342 507 628 555 concedimus
656 510 840 573 vtique,
895 510 1150 574 paullatim,
1207 518 1365 573 quarto
1399 508 1529 571 quin·

121 586 265 639 toque
294 573 444 621 seculo
472 574 684 637 formulas
713 593 813 624 cum
847 589 1094 636 ceterarum
1113 593 1299 641 precum
1322 591 1528 621 commu-

121 645 270 696 nium,
304 653 402 688 tum
425 642 754 691 Eucharisticae
773 646 993 706 Liturgiae
1013 643 1165 700 fat‘las,
1206 662 1228 690 a
1253 643 1430 709 Basilio,
1471 641 1525 688 ab

120 711 294 757 Hilario
326 706 600 766 Piaauiensi,
642 712 827 776 aliisque
855 711 1024 759 disertis
1055 723 1102 760 et
1134 709 1355 773 πνεύματι
1385 708 1526 768 εὐχῶν

123 778 248 839 large
271 777 444 824 donatis
463 777 676 826 diuinitus
698 781 811 826 viris.
889 784 1066 828 Tamen
1085 779 1194 827 nihil
1211 780 1410 825 lucratur
1427 778 1526 824 Mu·

121 847 322 893 raterius.
393 849 515 892 Nam
540 863 610 893 eas
629 856 704 894 aut
725 849 771 894 in
788 846 901 904 sune,
921 859 996 894 aut
1019 844 1313 895 Ecclesiarum
1334 838 1524 904 suarum,

117 915 218 961 vsus
236 913 385 960 facere
406 925 606 976 potuere.
684 914 909 971 Quorsum
931 917 1126 979 pertinet
1144 914 1277 968 illud,
1320 910 1441 976 quod
1470 910 1524 957 de

119 982 362 1044 Apollinari
381 982 548 1029 Sidonio
576 999 626 1028 ex
648 983 860 1047 Gregorio
882 985 1107 1048 Turonerfi
1133 977 1278 1043 (Hist.
1314 996 1331 1026 1
1350 994 1385 1035 ι,
1419 983 1523 1038 22.)

119 1047 284 1103 adfert,
324 1049 423 1111 qui,
469 1047 569 1096 cur'n
592 1046 673 1113 per
689 1049 891 1099 fraudem
914 1048 991 1112 ipsi
1020 1049 1190 1096 ablatus
1212 1046 1318 1094 effet
1336 1045 1526 1107 libellus,

115 1133 202 1182 per
221 1131 355 1181 quem
389 1116 503 1163 sacra
529 1116 674 1164 facere
703 1117 1014 1173 consueuiss'et,
1059 1135 1110 1163 ex
1138 1127 1345 1179 tempore
1375 1113 1524 1160 omnia

113 1184 310 1233 solennia
323 1187 506 1246 peregit,
528 1202 632 1232 cum
655 1186 824 1233 summa
843 1185 1133 1232 admiratione
1152 1185 1381 1234 omnium:
1411 1197 1523 1244 quae

111 1270 186 1309 res
208 1251 318 1299 adeo
336 1267 429 1298 non
447 1251 570 1299 fauet
581 1255 910 1302 Muratorianae
930 1253 1186 1311 sententiae,
1205 1263 1254 1298 vt
1273 1251 1315 1297 ei
1337 1250 1522 1296 maxime

115 1319 385 1367 aduersetur.
487 1324 549 1367 Vt
583 1319 707 1368 breui
741 1319 1034 1384 compleHcar,
1089 1318 1149 1366 fic
1178 1337 1273 1366 rem
1302 1316 1522 1376 intelligo.

111 1389 270 1436 Primis
299 1386 597 1452 tempor-ihm,
629 1405 731 1444 cum
753 1391 942 1453 Spiritus
962 1391 1002 1437 S.
1020 1388 1279 1448 suggereret
1299 1379 1443 1443 εὖχοές
1473 1393 1520 1429 et

111 1457 388 1521 ευχαςις-ίας,
429 1466 475 1501 vt
493 1454 716 1520 Apostolis
729 1492 740 1511 ,
787 1473 1033 1520 eorumque
1052 1453 1257 1501 ministris
1280 1464 1327 1498 et
1347 1451 1521 1497 adiuto-

47 1572 50 1574 .
111 1524 256 1579 ribus,
285 1520 545 1571 antistitibus
570 1526 678 1572 item
702 1524 1017 1578 Ecclesium,
1058 1533 1188 1584 atque
1205 1520 1315 1567 adeo
1335 1518 1518 1581 priuatis

111 1599 130 1650 (
148 1611 164 1641 ι
194 1595 294 1640 Cor.
317 1607 434 1646 xxv,
459 1594 563 1652 16.)
594 1591 888 1655 superuacuae
908 1600 1033 1636 erant
1053 1589 1272 1635 formulae
1305 1583 1516 1650 precandi

111 1662 328 1707 solennes.
415 1660 531 1704 Cum
561 1675 699 1722 porro
719 1656 827 1704 illud
845 1673 942 1704 acre
965 1673 1114 1704 rerum
1145 1653 1392 1702 diuinarum
1433 1649 1515 1698 stu·

113 1726 236 1775 dium
257 1724 404 1789 adhuc
422 1724 608 1780 caleret,
649 1722 878 1788 effentque
895 1724 1026 1772 multi
1058 1719 1208 1777 sanffi,
1248 1731 1294 1768 et
1316 1722 1361 1766 in
1393 1718 1516 1783 libris

113 1795 276 1844 diuinis
298 1794 392 1840 triti
411 1792 642 1850 homineS,
662 1794 736 1857 qui
757 1793 828 1839 vel
849 1802 1057 1856 repente,
1088 1791 1156 1836 vel
1173 1787 1270 1855 post
1288 1802 1516 1834 commen-

110 1865 332 1910 tationem
354 1861 566 1923 aliquam,
586 1877 743 1924 preces
763 1861 1058 1924 pronuntiare
1076 1868 1122 1904 et
1141 1854 1374 1918 gratiarum
1387 1851 1517 1908 astio-

110 1948 191 1980 nes
212 1927 388 1994 possent
410 1926 463 1974 ad
491 1929 661 1975 animos
684 1925 1040 1974 commonendos
1069 1922 1289 1972 efficaces:
1329 1919 1516 1986 (quidni

113 2001 235 2047 enim
275 1997 525 2061 potuerint,
574 1993 696 2058 quod
734 1998 875 2042 Maria
918 1994 1103 2049 femina,
1159 1990 1270 2039 tasta
1312 1987 1516 2042 beneficii

111 2067 250 2114 diuini
279 2062 644 2125 magnitudine?)
674 2063 743 2109 sua
770 2062 928 2127 sponte
948 2062 1115 2125 precati
1136 2060 1264 2115 sunt,
1301 2068 1350 2104 vt
1372 2058 1535 2122 priua·—

108 2138 193 2184 tim
205 2134 342 2186 domi,
361 2134 420 2178 ita
440 2133 486 2178 in
509 2130 807 2178 conuentibus
830 2128 1031 2194 publicis,
1051 2125 1131 2179 ὅση
1149 2121 1334 2188 δύναμις
1352 2122 1514 2187 {nois-qo.

109 2207 228 2250 Cum
249 2201 326 2247 ille
346 2198 477 2246 ardor
499 2196 702 2264 pristinus
723 2197 951 2261 paullatim
972 2193 1211 2249 refrixisset,
1232 2196 1277 2241 in
1299 2203 1511 2256 tantaque

107 2268 395 2319 multitudine
417 2278 594 2323 eorum,
627 2267 703 2329 qui
726 2265 838 2312 sacra
857 2264 1074 2318 facerent,
1107 2272 1349 2327 propagata
1368 2261 1508 2321 longe

107 2340 291 2402 lateque
316 2335 535 2396 religione
566 2330 824 2386 Christiana,
874 2332 1007 2378 multi
1037 2332 1364 2395 reperirentur,
1404 2342 1514 2390 quo.-

107 2422 209 2454 rum
232 2404 362 2450 nimis
389 2404 534 2450 tenuis
551 2394 739 2461 ’δύναμις
757 2397 884 2457 esset,
914 2398 1106 2461 denique
1128 2396 1333 2445 nonnulli
1351 2391 1509 2455 antisti-

110 2485 208 2521 tum
226 2471 506 2535 eloquentiae
526 2470 710 2530 gloriam
730 2469 861 2515 nimis
882 2478 1168 2531 appeterent,
1215 2462 1509 2512 formularum

108 2541 370 2605 scriptarum
389 2548 435 2584 et
453 2548 670 2585 certarum
692 2534 968 2583 consuetudo
989 2545 1088 2582 nata
1111 2530 1183 2580 est.
1250 2532 1410 2597 Basilii,
1427 2530 1510 2576 Hi·

111 2604 567 2671 ῖανῖῑ,;01ινμ[οβοηιὶ,
608 2605 836 2672 Ambrosii,
892 2605 1073 2657 Sidonii,
1122 2600 1283 2662 aliique
1314 2594 1431 2644 doffi
1462 2605 1509 2642 et

102 2675 260 2727 »diserti
277 2674 506 2732 homines,
526 2735 528 2738 Ι
547 2673 745 2739 primum
773 2673 821 2719 in
841 2671 939 2720 vsus
969 2670 1071 2718 suos
1097 2682 1253 2733 preces
1283 2662 1507 2778 consigna-

1123 2744 1127 2747 ’
1433 2738 1507 2777 ant
