1650 3060
28 133 62 194 {af
335 150 351 194 j
422 146 490 178 an
534 144 766 177 rmmpr.
810 143 872 184 11,
913 123 1069 174 6-'11.·
1348 126 1448 189 605

27 199 52 235 l·
325 195 358 235 ‘3
1420 221 1430 231 t

34 254 38 260 ’
141 253 382 318 ‘tus‚··‹juis
409 269 504 301 non
532 251 743 313 agnoscat
773 251 906 298 etiam
930 247 1185 315 exemplum
1207 248 1444 312 patientiae

39 327 92 371 οὶ
110 320 389 381 ofiediet'ltiae
406 327 454 369 et
467 322 648 368 aliarum
668 321 895 373 virtutum,
926 316 1062 383 idque
1079 313 1156 363 fibi
1173 317 1442 369 imitandum

31 447 34 451 ⁴
70 397 90 401 ”
124 395 145 402 “’
203 390 222 418 ”
251 390 406 456 Atque
442 391 488 435 in
524 389 716 452 vtroqu'e
755 386 1087 448 agnoscendum
1131 381 1193 430 est
1226 400 1442 450 magnum

27 400 309 506 ῖΕοῖἰοίωη
338 454 518 511 Christi,
559 457 637 519 qui
676 471 760 501 nos
795 471 887 501 non
924 452 1065 500 modo
1093 470 1118 499 a
1146 466 1443 515 peccatorum

24 524 172 591 *dolpn
199 537 253 572 et·
274 527 434 590 poenis
462 521 713 571 liberandos
747 522 893 578 duxit,
934 521 1006 569 sed
1033 521 1168 567 etiam
1196 538 1219 567 a
1247 523 1454 584 peccatis·

35 591 166 659 ipsis,
204 592 439 640 alliciendo
470 608 552 637 nos
585 589 792 653 exemplo
823 591 900 637 suo
940 589 995 636 ad
1035 604 1182 635 veram
1207 590 1450 643 'virtutem,-

23 671 125 728 'q'ua
155 677 238 708 nos
265 657 345 725 ipsi
374 659 532 706 similes
563 655 781 704 fieremus.
865 656 1001 712 Quod
1032 659 1158 703 enim
1184 658 1444 720 exemplum

19 732 253 787 ‘Vmaiorem
281 730 326 775 in
354 744 405 774 ea
435 744 484 773 re
508 729 596 772 vim
627 725 787 771 habere
816 723 966 788 possit,
1014 742 1146 788 quam
1175 720 1329 788 ipsius,
1361 726 1441 789 qui

23 806 215 844 *tuntum
234 813 318 861 pro
340 795 474 841 salute
489 790 639 840 nostra
659 793 787 846 fecit,
817 810 868 838 ac
890 790 1035 856 pasius
1063 791 1143 848 est,
1176 803 1223 838 et
1245 794 1316 837 cui
1345 794 1439 839 ani-

36 880 138 911 mos
181 874 331 924 gratos
373 880 458 927 pro
501 872 627 907 tanto
672 859 889 907 beneficio
934 857 1150 923 praestare
1196 858 1437 907 debemusz

34 930 163 996 quod
208 929 335 978 facile
384 930 650 989 intelligitur
704 945 796 974 non
857 925 978 991 posse
1031 928 1189 974 melius
1240 926 1335 974 fieri
1390 941 1439 975 et

32 997 217 1062 'ad-eiss
254 999 436 1059 gratiam
475 996 711 1042 ineundam
745 995 894 1060 aptius
928 1005 975 1042 et
1016 994 1258 1049 efficacius,
1300 1013 1435 1060 quam

33 1063 68 1113 fi
112 1069 203 1112 eius
242 1065 495 1128 exemplum
542 1064 792 1127 sequamur,
841 1074 887 1109 et
928 1067 966 1109 ei
1010 1065 1258 1110 imitatione
1294 1069 1436 1111 virtu-

23 1143 134 1181 tum
174 1135 269 1180 eius
313 1131 471 1178 similes
516 1129 612 1178 fieri
652 1128 920 1177 studeamus:
973 1132 1017 1176 in
1051 1147 1144 1195 quo
1183 1129 1272 1192 ipsa
1316 1130 1435 1179 bona

24 1201 238 1248 voluntas
275 1200 423 1246 valere
456 1197 509 1245 ad
544 1197 811 1264 placendum
844 1195 1010 1264 potest,
1047 1196 1168 1262 quod
1210 1199 1257 1244 in
1288 1216 1339 1246 ea
1371 1197 1435 1246 est

14 1259 17 1264 .
82 1278 345 1327 gumentum
386 1268 562 1321 amoris,
593 1269 670 1330 qui
702 1284 794 1313 non
827 1263 972 1330 potest
1004 1268 1044 1312 ei
1074 1265 1320 1331 displicere,
1357 1265 1433 1313 sed

12 1338 181 1400 ,potius
210 1342 405 1388 mouet,
453 1333 508 1381 ad
557 1334 772 1381 iuuandos
818 1352 901 1382 nos
950 1336 995 1380 in
1044 1335 1124 1381 illo
1173 1334 1432 1382 imitationis

27 1400 196 1458 studio,
230 1402 490 1467 praesertim
529 1418 631 1448 cum
671 1404 711 1448 ei
752 1420 843 1450 non
884 1405 1035 1462 ignota
1074 1401 1123 1448 sit
1154 1402 1433 1449 imbecillitas

28 1468 179 1519 nostra
205 1469 250 1517 in
279 1466 401 1516 regie
428 1468 643 1525 faciendo,
680 1471 918 1534 cupiatque
947 1486 1033 1516 nos
1056 1470 1101 1515 in
1131 1467 1261 1516 rebus
1287 1471 1431 1517 hone·

27 1535 100 1585 stis
120 1535 195 1584 sibi
215 1536 371 1583 similes
390 1535 497 1594 fieri,
531 1535 752 1603 sicutipse
779 1538 911 1584 nobis
938 1539 987 1584 in
1005 1537 1257 1585 humilitate
1284 1535 1432 1587 nostra

27 1603 177 1653 {imnis
194 1604 335 1654 faEtus
355 1601 427 1651 est.

127 1737 267 1795 Quod
294 1736 326 1785 fi
356 1737 493 1806 igitur
520 1738 606 1785 hos
628 1737 720 1784 dies
746 1737 879 1786 festos
907 1737 1029 1786 reEle
1051 1757 1102 1787 ac
1120 1741 1197 1805 pie
1214 1756 1429 1804 peragere

26 1807 240 1863 velimus,
293 1807 426 1853 animi
468 1804 606 1852 nostri
651 1809 737 1853 toti
787 1809 1038 1873 occupandi
1079 1805 1162 1854 sint
1200 1810 1430 1873 vtriusque

24 1876 200 1936 generis
235 1875 509 1933 cogitatione
547 1871 729 1930 assidua,
767 1878 963 1938 primum
994 1888 1043 1922 vt
1071 1875 1428 1936 magnitudinem

25 1939 233 1994 beneficii
269 1957 293 1986 a
317 1942 347 1986 1.
379 1941 425 1987 C.
458 1939 586 1987 nobis
613 1941 769 1988 tributi
802 1959 882 2006 per
918 1943 1036 1990 illam
1068 1941 1370 1990 demiffionem
1400 1961 1427 1990 e

25 2007 287 2056 conditione
306 2006 455 2054 diuina
476 2006 529 2054 ad
550 2007 844 2056 humilitatem
869 2009 1133 2065 humanam,
1162 2022 1298 2074 atque
1317 2013 1429 2058 adeo

23 2075 229 2124 seruilem
257 2077 508 2135 cogitemus
537 2091 586 2121 ac
612 2075 926 2141 ponderemus»,
968 2088 1017 2125 vt
1044 2079 1221 2142 expiare
1248 2089 1429 2141 peccata

17 2141 175 2193 nostra
203 2139 350 2207 posset
367 2159 379 2195 3
430 2142 593 2189 deinde
623 2160 731 2190 vero
763 2145 954 2209 exempli
983 2144 1037 2191 ab
1067 2163 1123 2192 eo
1148 2147 1283 2201 ¹nobis
1321 2164 1426 2210 pro·

0 2209 153 2277 *positi
183 2210 488 2257 excellentiam
529 2222 844 2267 contueamur,
890 2225 936 2259 et
965 2212 1226 2259 contuendo
1257 2212 1428 2261 adame·

105 2279 286 2343 s,iisque
299 2278 643 2338 cogitationibus
663 2280 714 2324 ad
738 2280 887 2327 laudes
910 2280 1047 2327 diuini
1066 2281 1297 2327 seruatoris
1309 2284 1424 2337 exei-

0 2295 174 2392 gi'nur
193 2357 240 2392 et
259 2344 312 2391 ad
332 2347 594 2392 imitationis
614 2346 816 2395 studium.
865 2350 937 2394 Sic
959 2365 1067 2408 ergo
1088 2350 1243 2394 animis
1266 2347 1425 2395 nostris

0 2411 310 2476 ffiompamtis,
353 2424 486 2476 atque
523 2415 590 2459 his
622 2414 812 2462 sensibus
848 2418 1030 2479 repletis
1066 2416 1272 2462 adeamus
1311 2416 1427 2463 sacra

7 2479 223 2543 publica,
268 2482 314 2525 in
351 2481 419 2526 his
463 2494 508 2527 et
546 2481 643 2537 illa,
695 2499 806 2546 quae
845 2482 914 2528 die
955 2486 1105 2548 primo
1149 2484 1335 2548 paschali
1377 2486 1427 2532 in

3 2548 127 2599 faede
156 2548 352 2595 Paullina
382 2547 492 2595 hora
525 2548 789 2598 duodecima
820 2549 955 2606 fient,
996 2555 1118 2599 inter
1142 2567 1255 2616 quae
1292 2552 1425 2599 etiam

0 2624 15 2696 ‘r
1258 2621 1419 2667 oratio·

4 2397 14 2411 „l
23 2406 27 2410 i
