1650 3060
142 167 241 221 582
312 175 376 206 nr:
413 173 638 208 senous
670 177 740 209 rr
774 177 1115 212 noeroluevs
1149 182 1409 215 vrrssnvu

140 279 210 329 illi
233 279 394 338 fecere,
433 282 480 330 hi
509 284 774 346 expetiuere.
838 287 944 332 Nec
971 303 1078 334 vero
1105 290 1149 335 in
1173 288 1333 336 scholis
1355 288 1551 355 publicis

146 347 287 396 modo
315 348 441 397 fuere
471 349 698 409 destores,
731 349 802 399 sed
831 354 963 400 etiam
992 354 1086 401 aliis
1115 353 1407 421 pluribusque
1439 358 1551 406 locis

134 419 288 465 ,exorti
309 416 420 473 sunt,
454 419 531 483 qui
552 417 696 466 studio
716 418 918 467 scientiae
935 419 1031 468 suae
1059 438 1162 469 cum
1185 423 1277 470 aliis
1299 427 1552 473 communi·

132 482 328 543 ‚candae,
375 494 420 532 et
447 502 502 533 eo
536 486 630 551 ipso
670 485 860 547 augendi
887 487 985 535 suae
1017 489 1220 537 scientiae
1251 491 1551 549 subtilitatem,

151 552 249 599 eius
269 555 444 617 copiam
466 553 664 601 facerent
680 553 962 602 volentibus:
999 558 1044 602 in
1075 574 1220 623 eoque
1240 557 1283 605 se
1301 558 1448 614 facere,
1465 577 1551 624 pu·

128 618 312 675 *tabant
342 637 434 685 quo
453 620 566 668 bene
585 632 865 669 mererentur
882 621 936 669 de
953 622 1140 671 Ecclelia
1162 637 1207 672 et
1226 625 1467 691 republica,
1501 638 1551 675 et

148 687 348 735 nominis
375 687 538 736 famam
567 689 652 737 late
684 689 946 756 spargerent,
981 689 1035 738 ad
1066 690 1357 759 posterosque
1386 711 1549 760 propa-

148 766 319 816 gerent.

249 825 365 871 Cum
395 822 555 872 deinde
578 824 806 889 paullatim
836 835 1013 873 exortae
1040 824 1178 874 essent
1205 830 1252 875 in
1285 827 1561 893 quibusdam*

140 890 414 948 ¹Ciuitatibus
436 892 678 940 maioribus
696 903 743 940 et
763 891 997 940 illustribus
1028 911 1111 958 per
1129 896 1466 944 multitudinem
1485 907 1550 943 ta-

146 955 261 1004 lium
290 961 334 1005 in
373 961 499 1007 omni
529 977 694 1022 genere
722 959 950 1007 dostrinae
978 961 1196 1018 virorum,
1234 973 1282 1010 vt
1313 961 1547 1020 Parifienfi,

146 1022 323 1073 scholae
361 1025 576 1090 publicae,
610 1028 758 1091 quales
788 1043 910 1074 nunc
935 1027 1035 1075 sunt
1063 1029 1342 1086 Academiae,
1387 1041 1435 1077 et
1463 1047 1547 1077 no-

143 1108 251 1140 men
273 1091 466 1141 doGoris
486 1092 650 1142 factum
670 1091 775 1141 esset
795 1096 926 1142 etiam
944 1111 1110 1142 nomen
1128 1097 1364 1157 dignitatis,
1399 1099 1548 1147 multi·

145 1177 239 1226 que
269 1161 391 1209 illam
415 1161 680 1222 dignitatem
708 1172 983 1226 appeterent,
1019 1163 1207 1211 multum
1240 1180 1290 1211 ea
1321 1181 1392 1211 res
1410 1165 1548 1212 valuit

143 1226 200 1276 ad
218 1228 438 1276 incitanda
454 1228 593 1277 studia
612 1228 837 1277 doarinae
867 1228 1116 1288 subtilioris,
1143 1231 1411 1297 praesertim,
1441 1247 1547 1280 cum

142 1293 395 1344 institutum
426 1296 532 1345 esset
570 1297 854 1346 saluberrimo
896 1295 1103 1356 consilio,
1155 1310 1205 1347 vt
1234 1299 1324 1347 hoe
1362 1315 1547 1354 nomen,

142 1366 423 1430 omninoque
443 1363 634 1430 potestas
666 1365 855 1412 docendi
883 1377 1058 1429 praeter
1085 1383 1176 1423 eos,
1205 1369 1283 1428 qui
1304 1365 1477 1430 publice
1492 1365 1548 1414 ad

141 1430 398 1480 docendum
419 1431 558 1480 effent
577 1431 822 1490 constituti,
870 1434 1004 1480 etiam
1037 1434 1131 1482 aliis
1161 1433 1443 1491 tribueretur,
1471 1433 1549 1482 sed

139 1508 322 1547 tantum
348 1500 431 1559 his,
461 1504 537 1566 qui
565 1518 647 1566 per
668 1511 787 1548 certa
808 1511 854 1548 et
873 1499 1036 1549 idonea
1057 1502 1295 1567 specimina
1317 1502 1359 1548 se
1383 1501 1546 1562 dignos

138 1583 196 1615 eo
222 1569 409 1615 nomine
441 1580 574 1633 atque
604 1569 780 1616 honore
806 1566 1084 1634 probass'ent:
1118 1587 1171 1616 ex
1199 1568 1357 1634 quibus
1383 1567 1546 1616 deinde

141 1634 196 1683 ad
224 1652 411 1683 munera
437 1634 718 1685 ecclesiastica
738 1640 902 1684 maiora
934 1637 1064 1684 multi
1084 1639 1227 1684 vocati
1243 1636 1357 1691 sunt,
1388 1638 1541 1701 plures

143 1705 290 1760 etiam,
324 1705 403 1768 qui
428 1705 531 1752 talia
559 1721 745 1752 munera
761 1702 1032 1759 sustinerent,
1064 1720 1232 1751 nomen
1252 1702 1446 1751 dostoris
1469 1721 1542 1750 ex-

139 1772 417 1836 petiuerunt,
447 1783 583 1835 atque
611 1774 769 1828 etiam,
799 1768 1004 1817 doaores
1037 1771 1085 1816 in
1115 1770 1199 1818 suis
1235 1770 1408 1817 sedibus
1440 1787 1544 1831 ege·

139 1847 273 1886 runt}
304 1837 430 1903 ,quod
450 1841 578 1887 etiam
600 1839 647 1886 in
668 1839 750 1885 hac
768 1839 906 1902 patria
924 1835 1067 1885 nostra
1087 1838 1196 1884 olim
1212 1836 1419 1902 frequens
1439 1837 1539 1888 fuit.

139 1909 290 1970 Atque
310 1908 444 1969 etiam
465 1907 556 1954 hoe
573 1908 820 1970 reperimus
849 1923 872 1952 a
896 1903 1134 1952 maioribus
1161 1903 1320 1952 nostris
1339 1903 1462 1955 fuiffe
1481 1905 1543 1953 sa-

141 1971 333 2021 lubriter
360 1972 621 2030 institutum,
659 1973 796 2030 veiis,
825 1974 902 2035 qui
930 1974 975 2018 in
1006 1970 1184 2019 vrbibus
1213 1971 1464 2030 maioribus,
1492 1974 1541 2021 in

136 2042 308 2107 primis,
336 2040 409 2088 vbi
427 2040 641 2089 Ecclesiae
663 2039 943 2088 Cathedrales
964 2037 1112 2094 essent,
1145 2037 1370 2088 Antistites
1398 2040 1538 2087 sacro-

138 2125 244 2161 rum
276 2106 439 2164 essent,
473 2107 667 2157 dossoris
698 2124 867 2154 nomen
896 2108 1095 2168 legitime
1127 2118 1349 2170 caperent.
1416 2111 1540 2157 Nam

139 2194 192 2224 ea
219 2194 289 2223 res
319 2174 511 2225 habebat
540 2177 655 2224 hanc
682 2177 784 2229 vim,
820 2185 868 2222 vt
896 2191 991 2221 non
1021 2185 1290 2240 appeterent
1308 2175 1408 2222 talia
1429 2175 1540 2231 loca,

134 2241 217 2296 :nisi
245 2245 322 2308 qui
351 2242 575 2292 confidere
602 2241 790 2308 poffent,
826 2242 868 2290 se
888 2242 996 2290 illud
1015 2259 1118 2289 cum
1147 2240 1359 2303 dignitate
1376 2258 1537 2304 capere

133 2310 281 2377 poss'e:
316 2314 504 2360 iuuenes
525 2322 686 2366 autem,
718 2311 796 2375 qui
818 2309 860 2356 se
880 2307 934 2355 ad
953 2307 1088 2356 studia
1106 2309 1220 2356 sacra
1240 2307 1540 2366 contuliss'ent,

135 2389 184 2426 et
211 2380 369 2426 altiora
397 2377 657 2444 speEtarent,
689 2387 738 2424 vt
758 2377 851 2441 fere
868 2375 920 2423 fit
939 2377 984 2424 in
1002 2378 1190 2438 ingeniis
1211 2375 1468 2424 melioribus
1488 2386 1537 2426 et

134 2443 440 2502 ereffioribuS,
472 2463 528 2494 eo
561 2446 705 2493 acrius
737 2442 793 2490 ad
825 2443 1168 2509 comparandam
1188 2442 1428 2491 dofiln'nam
1448 2459 1540 2491 ma·

131 2515 279 2562 iorem
308 2526 354 2561 et
379 2511 618 2579 perfeEiam
651 2512 966 2558 incitarentur:
1006 2510 1200 2574 denique
1232 2512 1459 2576 inprimis,
1484 2519 1535 2559 ve

127 2597 212 2646 per
240 2581 350 2628 tales
374 2579 603 2628 Antistites
631 2579 771 2626 veluti
797 2578 972 2626 scholae
989 2577 1148 2627 fierent
1166 2578 1454 2639 theologicae,
1487 2579 1535 2625 in

130 2645 291 2714 quibus
320 2650 484 2715 partim
511 2655 830 2697 exercerentur
846 2646 892 2705 ii,
927 2648 1018 2713 qui,
1047 2645 1252 2706 absoluto
1281 2643 1535 2758 academrifo

1391 2727 1447 2760 cu
1491 2728 1535 2771 u,
