1682 3068
177 164 274 227 366
424 224 425 228 Ἰ
484 190 486 197 1
575 175 923 207 mem-rastr-
945 173 1209 206 vum-ras,
1273 180 1290 199 ⁴-

172 284 387 335 bonitatis
409 280 595 338 diuinae,
630 298 747 343 quae
766 288 859 329 non
879 279 1021 327 modo
1041 282 1086 326 in
1107 277 1203 342 ipso
1222 273 1412 324 confluo
1429 274 1589 324 diuino

172 353 468 414 intelligatur,
501 349 572 396 sed
591 351 723 396 etiam
743 351 787 395 in
808 347 962 404 modo,
992 365 1085 411 quo
1105 346 1159 392 ad
1186 342 1399 392 effestum
1418 343 1586 391 consilii

172 423 415 488 peruenire
440 418 707 473 decreuerit,
743 417 834 464 hoc
861 414 946 470 est,
985 417 1030 461 in
1059 413 1136 460 filii
1165 413 1230 459 sui
1259 429 1365 459 cum
1392 411 1584 462 humana

173 501 333 538 natura
364 484 681 534 coniunstione
717 481 771 531 ad
811 483 1141 530 redemtionem
1178 481 1354 541 generis
1386 478 1588 527 humani.

175 561 309 605 Rom.
330 559 382 609 V,
408 565 447 608 8.
492 555 606 617 Eph.
625 556 676 609 11,
695 569 740 609 7.
778 554 846 608 111,
875 567 947 597 10.
1555 568 1590 596 a,

281 628 333 671 In
354 640 405 669 ea
422 632 569 668 autem
591 638 639 667 re
659 620 769 667 nihil
787 616 894 673 effe,
939 615 1062 682 quod
1094 624 1270 680 pugnet
1299 629 1403 660 cum
1433 607 1588 659 sansti-

180 703 273 741 tate
292 703 338 737 et
369 687 710 742 iustitia-diuina,
754 698 832 734 aut
853 686 1077 748 sapientia,
1122 700 1216 730 non
1234 678 1297 728 est
1313 677 1488 727 difficile
1499 678 1587 733 ,den

179 758 437 808 monstrare.
531 755 660 802 Nam'
683 752 879 801 sanfilitas
899 750 1082 817 quidem
1109 753 1310 813 accipere
1328 747 1588 794 detrimenti

179 829 297 876 nihil
317 821 485 891 potest,
530 840 631 871 cum
654 820 911 870 coniunstio
933 818 1040 866 fasta
1061 817 1110 865 fit
1130 835 1232 864 cum
1255 834 1332 870 eo,
1374 817 1451 878 qui
1479 810 1591 861 effet

181 895 275 961 ipse
303 910 444 959 purus
471 890 525 938 ab
554 891 843 948 omni'vitio,
881 890 1014 934 Hebr.
1036 889 1133 942 VII,
1165 892 1244 933 26.
1279 894 1329 930 et
1356 899 1441 946 per
1470 883 1591 928 hane

181 964 317 1029 ipsam
341 956 706 1007 coniunstionem
727 973 829 1005 cum
844 954 1000 1003 diuina
1018 953 1118 1000 Filii
1139 955 1228 999 Dei
1249 961 1402 998 natura
1421 951 1482 996 ita
1503 948 1589 993 exi-¹

180 1041 382 1079 metetur
402 1045 427 1082 e
446 1028 732 1092 peccantium
751 1039 963 1085 numero,
993 1029 1043 1067 vt
1058 1018 1275 1083 peccandi
1289 1018 1417 1064 locus
1433 1013 1590 1080 (possi-

179 1099 351 1160 bilitas.)
386 1112 480 1143 non
500 1094 842 1156 relinqueretur.
912 1088 1133 1152 Sapientia
1151 1095 1306 1132 autem·
1320 1084 1472 1130 diuina
1491 1097 1590 1135 non

177 1169 327 1217 minus
348 1163 638 1210 conseruatur
655 1162 700 1206 in
721 1160 806 1207 hac
815 1153 967 1213 caussa,
983 1158 1126 1202 immo
1145 1150 1381 1200 illustratur
1391 1152 1594 1204 maximeg

179 1239 305 1283 Nam
328 1231 358 1278 fi
378 1234 474 1295 quis
496 1230 615 1276 dicat
632 1227 697 1282 id,
735 1224 859 1290 quod
880 1225 991 1272 solet
1008 1220 1094 1268 effe
1114 1224 1159 1268 in
1178 1230 1367 1285 promtu
1384 1218 1452 1264 his
1465 1253 1479 1274 ,
1513 1218 1589 1280 qui

179 1303 375 1350 libenter
393 1295 678 1344 difficultates
701 1304 891 1341 mouent
919 1295 965 1338 in
988 1289 1122 1337 rebus
1142 1288 1354 1341 diuinitus
1373 1282 1591 1332 constitua

184 1372 260 1426 tis,
280 1370 418 1427 longe
440 1382 492 1413 ac
509 1366 640 1410 nimis
653 1365 866 1410 maiorem
888 1357 974 1406 effe
992 1375 1111 1413 rem,
1144 1372 1278 1421 quam
1299 1371 1388 1419 pro
1407 1350 1593 1429 confiliy

183 1449 231 1486 et
249 1435 362 1490 fine,
380 1450 518 1498 quem
537 1433 702 1479 minori
723 1430 859 1477 veluti
880 1427 1074 1492 impensa
1094 1426 1239 1472 teneri
1259 1418 1484 1487 potuiss‘m
1503 1435 1594 1484 prx-

180 1521 323 1560 mum,
345 1504 422 1567 qui
439 1502 595 1555 sciunt,
627 1498 672 1546 id
692 1499 816 1545 aliter
836 1495 935 1542 fieri
957 1491 1174 1559 potuisse?
1208 1488 1379 1545 deinde,
1397 1485 1591 1541 fisciant,

181 1585 315 1638 atque
335 1573 393 1617 ita
412 1567 493 1627 fit,
510 1582 660 1615 tamen
683 1565 794 1612 nihil
814 1573 987 1629 praeter
1005 1562 1209 1620 vulgares
1224 1555 1438 1623 quasdam
1457 1553 1514 1600 de
1532 1553 1592 1600 sa·

181 1641 349 1708 pientia
378 1638 630 1689 sententias,
675 1645 724 1680 vt
752 1633 808 1679 de
834 1634 904 1678 via
931 1628 1198 1682 breuissima,
1241 1634 1405 1688 queant
1431 1620 1594 1674 ὤσει-ε,

185 1725 322 1773 quare
343 1705 583 1769 sapientiae
595 1703 767 1749 diuinae
779 1696 953 1746 necesse
962 1697 1097 1743 fuerit
1118 1697 1262 1741 minus
1279 1692 1440 1745 facere,
1451 1704 1592 1752 quam

181 1793 293 1830 nos,
333 1770 594 1821 anaoritate
624 1771 851 1815 literarum
874 1766 1089 1812 sacrarum
1108 1761 1353 1814 commoti,
1393 1757 1594 1804 dicamus

183 1840 348 1892 fuitum
370 1838 466 1887 effe.
542 1837 629 1884 Sed
647 1852 747 1882 eam
775 1834 1013 1899 sapientiae
1043 1831 1191 1891 legem
1210 1844 1304 1875 non
1331 1825 1420 1872 fert
1436 1836 1591 1871 natura

183 1925 353 1965 rerum,.
368 1909 423 1955 ad
440 1915 618 1954 naturas
640 1903 938 1964 intelligentes
957 1914 1197 1961 earumque
1215 1895 1470 1946 felicitatem
1491 1907 1591 1954 per-

184 1979 440 2030 tinentium,
458 1990 546 2020 nee
561 1974 669 2020 haec
686 1971 786 2035 ipsa,
803 1973 850 2017 in
862 1986 949 2033 qua
964 1965 1197 2021 versamur,
1215 1958 1363 2009 causs'a.
1397 1961 1594 2014 Etenim,

186 2043 365 2111 quando
394 2038 577 2090 finisest
597 2039 845 2094 abonitate
876 2032 1163 2086 constitutus,
1201 2040 1248 2077 et
1279 2027 1484 2076 bonitatis
1514 2025 1590 2072 de-

185 2103 504 2163 monstrandae
516 2119 563 2155 et
592 2104 867 2156 illustrandae
887 2099 1043 2157 cauffa,
1087 2112 1188 2148 tum
1209 2113 1316 2145 vero
1344 2099 1391 2143 in
1415 2091 1589 2140 delean

185 2184 382 2236 viarum,
424 2178 476 2224 ad
494 2178 622 2223 illum
642 2174 778 2221 finem
799 2173 1080 2224 ducentium,
1116 2184 1223 2232 quas
1243 2160 1510 2212 demonstrat
1528 2160 1593 2206 sa·

184 2250 366 2315 pientia,
386 2246 447 2293 fas
467 2243 540 2302 est,
561 2243 787 2291 arbitrium
806 2240 891 2289 effe
911 2237 1042 2305 ipsius
1063 2235 1296 2283 bonitatis:
1316 2248 1411 2279 eam
1423 2239 1593 2282 autem,

186 2319 236 2365 in
262 2317 346 2363 tali-
367 2314 620 2379 praesertim
646 2309 847 2368 consilio,
886 2307 1233 2355 consentaneum
1253 2297 1318 2348 est
1337 2301 1404 2346 via
1429 2299 1495 2343 ire
1527 2312 1593 2351 ea,

187 2401 301 2449 quae
317 2393 364 2430 et
385 2383 473 2446 ipsa
496 2382 683 2427 maxime
703 2377 756 2426 fit
779 2389 880 2443 apta
899 2375 1086 2424 bonitati
1106 2368 1393 2419 illustrandae.
1450 2361 1591 2419 Quod

190 2451 416 2499 consentit
439 2447 680 2514 planiffime
699 2464 805 2495 cum
822 2448 894 2502 iis,
927 2458 1040 2508 quae
1055 2442 1173 2487 Iesus
1194 2434 1391 2493 Christus
1420 2434 1511 2496 ipse
1529 2428 1590 2475 de

186 2520 274 2566 hac
292 2536 343 2565 re
364 2517 536 2571 d'ocuit,
569 2526 618 2563 vt
637 2519 700 2565 Io.
720 2518 794 2572 111,
820 2521 892 2561 16.
913 2529 1003 2577 quo
1025 2527 1076 2556 ex
1094 2510 1197 2555 loco
1217 2497 1475 2555 clarum-est,
1494 2514 1591 2544 ma·

187 2585 469 2648 gnitudinem
509 2584 793 2644 benignitatis
823 2582 995 2628 diuinae
1024 2579 1163 2638 magis
1201 2567 1460 2639 patefassam
1499 2563 1589 2611 effe

188 2651 328 2702 modo
350 2652 495 2699 salutis
514 2652 730 2705 humanae
747 2649 1025 2718 reparandae,
1048 2661 1180 2712 quam
1203 2641 1298 2707 ipsa:
1306 2637 1449 2688 salutis
1467 2632 1589 2748 regli-¹

1389 2717 1503 2750 tuen
1535 2717 1589 2748 ae
