1650 3060
137 97 159 118 θ

178 201 280 264 556
466 210 529 246 mr
570 212 839 246 ves-rmus
879 214 944 245 rx
955 215 1279 247 ovmznrmr.

181 312 327 371 filium
347 319 575 377 heredem,
592 322 850 384 Principem
868 320 1210 379 Sereniffimum,
1241 336 1345 379 cum
1369 321 1592 373 celfiffima

183 392 391 449 coniuge,
427 399 471 435 et
490 387 644 436 sobole
664 387 899 446 celfiffima,
932 400 1167 456 totamque
1185 390 1369 452 Regiam
1387 394 1592 440 Domum

182 460 359 523 potenti
381 466 427 502 et
447 466 660 521 perpetua
681 458 831 514 tutela,
842 466 891 505 et
909 458 1074 522 prolixa
1094 457 1370 520 benignitate
1391 462 1594 524 comple*

183 523 342 578 statur,
364 522 610 588 deletisque
640 524 849 572 omnibus
880 526 1112 592 superioris
1132 528 1350 591 temporis
1371 527 1593 576 malorum

185 590 400 653 vestigiiS,
451 591 649 638 secundis
689 591 824 639 rebus
863 592 1071 641 omnibus
1105 592 1453 642 florentiffimam
1494 594 1591 642 red·

187 660 284 707 dat:
315 670 424 714 tum,
457 669 506 706 vt
536 654 840 707 illustriffimos
866 659 1093 726 potestatis
1118 663 1268 723 regiae
1301 660 1592 719 administros,

186 725 288 793 post
307 723 532 773 exhaustas
551 737 623 774 tot
645 740 696 774 ac
715 737 860 775 tantas
882 732 998 776 inter
1017 729 1122 776 belli
1155 729 1268 776 mala
1285 742 1408 776 curas
1426 740 1474 777 et
1493 724 1592 778 mo-

188 793 344 862 lestias,
365 798 451 842 vita
469 795 614 856 longa,
623 796 869 859 tranquilla,
880 803 925 843 et
945 799 1067 844 omni
1089 805 1275 872 exparte
1286 797 1415 853 felici,
1435 798 1594 846 exhilar-

188 873 272 919 ret,
292 863 345 908 iis
366 860 555 919 confilia,
565 861 804 910 veriffimac
814 878 973 910 corum
985 860 1100 917 bene
1115 867 1278 912 Patriae
1295 864 1429 912 rebus
1438 866 1595 913 consue

187 930 309 980 lendi
322 930 541 977 voluntati
560 927 692 994 paria,
714 926 995 995 consiliisque
1013 932 1194 995 optimis
1207 948 1357 996 parem
1378 944 1594 980 euentum

190 1009 381 1052 annuat,
410 994 602 1060 denique
633 1007 680 1044 vt
709 1008 866 1050 totam,
898 1014 1002 1045 cum
1033 1000 1118 1045 hac
1137 999 1272 1055 Vrbe,
1301 1002 1486 1059 Patriam
1509 1001 1592 1048 hac

187 1067 311 1134 pacis
332 1061 661 1128 tranquillitate,
681 1066 766 1128 pie,
786 1065 1002 1129 sapienter
1021 1073 1067 1112 et
1086 1063 1313 1113 diutiffime
1329 1065 1415 1124 frui
1439 1066 1558 1115 finat.

288 1129 531 1178 Enimuero
552 1148 603 1177 ea
623 1142 728 1195 vota
737 1131 948 1180 faciemus
967 1135 1098 1181 etiam
1119 1130 1354 1189 efficacius,
1367 1132 1398 1180 {i
1418 1134 1593 1181 addide-

188 1196 328 1249 rimus
359 1198 565 1247 sacrificia
595 1199 986 1262 eleemosynarum,
1021 1200 1064 1247 di
1098 1217 1153 1247 na
1181 1210 1227 1249 et
1246 1199 1355 1248 boni
1377 1200 1593 1249 diuinitus

189 1269 361 1333 accepti
380 1277 426 1313 et
449 1267 639 1332 laetitiae
659 1265 830 1314 nostrae
850 1217 1176 1330 magnitudgine:
1205 1268 1459 1332 praesertim
1485 1284 1592 1317 cum
1648 1274 1649 1278 ’

192 1333 464 1381 destinentur
474 1332 665 1381 Vrbibus
690 1331 751 1391 iis,
764 1351 874 1399 quae
892 1345 1128 1400 tantopere
1149 1333 1350 1384 adflistae
1369 1337 1466 1383 sunt
1483 1335 1593 1385 beni
1642 1359 1647 1402 g

190 1406 234 1451 vi
260 1414 306 1447 et
323 1403 475 1459 ruinis,
495 1413 542 1448 vt
562 1401 705 1467 nostra
727 1418 829 1449 cum
848 1404 899 1450 iis
920 1413 1183 1469 comparata,
1213 1406 1345 1452 ctiam
1377 1403 1515 1452 libera
1535 1404 1592 1452 ab
1641 1411 1647 1418 ’

191 1472 318 1516 omni
342 1470 442 1517 belli
463 1472 621 1536 iniuria
638 1467 990 1528 fuiffevideatur3
1010 1473 1055 1518 in
1075 1472 1143 1519 his
1162 1473 1360 1536 primum
1381 1469 1594 1528 Dresdae,
1639 1493 1642 1497 *

189 1549 218 1583 e
235 1550 319 1601 qua
338 1540 694 1603 quotusquisque
714 1536 925 1594 nostrum,
940 1541 1086 1595 Ciues,
1108 1555 1202 1586 non
1221 1549 1298 1586 aut
1319 1541 1505 1605 accepit,
1514 1550 1591 1586 aut
1630 1562 1650 1598 ῃ

188 1605 336 1669 sperat
359 1605 562 1652 fortunas
583 1606 699 1663 suas;
721 1604 880 1654 deinde
901 1605 1175 1667 Vitebergae,
1198 1605 1485 1655 Ecclefiarum
1509 1620 1590 1654 nd·

187 1672 377 1719 stratum
398 1676 545 1727 Matri,
566 1691 589 1720 a
610 1688 697 1739 qua
713 1675 855 1738 prima
876 1673 1159 1721 certiffimum
1182 1673 1461 1735 benignitatis
1482 1673 1590 1720 diui·

187 1748 276 1787 nae
294 1753 341 1787 ct
360 1737 572 1787 felicitatis
590 1741 686 1788 suae
697 1738 861 1806 pignus
881 1744 1053 1805 accepit
1067 1743 1204 1787 Patria
1222 1739 1367 1788 nostra
1377 1761 1390 1796 ;
1413 1743 1459 1787 in
1481 1754 1589 1804 quas

188 1807 305 1855 adeo
326 1808 446 1854 nulla
471 1809 567 1854 satis
602 1820 760 1868 magna
791 1807 1023 1855 liberalitas
1049 1806 1186 1855 videri
1207 1805 1366 1871 potest.
1434 1815 1589 1872 ltaque

187 1882 346 1922 omnes
358 1877 433 1923 hic
443 1875 510 1921 vel
521 1877 738 1940 temporis
749 1875 819 1922 vel
831 1873 1092 1922 necessitatis
1105 1873 1277 1922 nostrae
1285 1874 1591 1922 excusationes
1630 1903 1635 1918 2

185 1944 369 2008 penitus
389 1941 578 1988 exclusas
600 1952 824 2007 putemus,
845 1942 1092 2005 demusque
1112 1945 1240 1995 ita,vt
1257 1953 1305 1988 et
1322 1940 1481 1989 sentim
1490 1940 1588 2007 pos·
1626 1942 1636 1995 ξ,

185 2005 282 2065 fint,
301 2007 379 2074 qui
398 2012 627 2074 accipient,
641 2021 687 2057 et
709 2020 890 2057 nosmet
905 2007 983 2074 ipfi
1005 2010 1247 2064 sentiamus,
1266 2010 1341 2073 qui
1361 2008 1587 2062 dedimus;
1630 2021 1633 2047 ἰ

185 2077 626 2140 meminerimusque‚
640 2094 734 2125 eam
747 2073 831 2123 effe
841 2081 940 2124 Deo
961 2076 1241 2137 gratiffimam
1261 2076 1586 2133 liberalitatem,
1621 2072 1633 2115 ΡΙ

185 2161 300 2209 quae
321 2143 601 2208 temporibus
625 2156 670 2191 et
689 2144 821 2192 rebus
836 2143 1027 2206 angustis
1047 2146 1105 2191 ita
1125 2144 1268 2198 fi·at,vt
1284 2146 1587 2208 poenitentiae
1610 2171 1613 2187 0

186 2222 234 2258 et
254 2211 520 2260 minuendae
538 2210 790 2277 cupiditatis
812 2215 1171 2260 exercitationem
1192 2209 1363 2267 habeat,
1384 2228 1468 2277 qua
1485 2212 1586 2258 nui·
1609 2221 1631 2302 ἔ

183 2277 281 2326 lum
301 2279 352 2326 ad
373 2287 580 2344 tempora
599 2278 746 2329 futura
766 2278 882 2339 bene
902 2278 1168 2327 traducenda
1186 2278 1361 2325 vberius
1378 2295 1429 2327 ac
1445 2279 1585 2340 magis
1608 2283 1628 2341 ᾗ

183 2342 473 2396 necessarium
493 2348 634 2396 veluti
652 2349 861 2398 viaticum
880 2345 1119 2395 existimare
1137 2344 1362 2395 debemus.
1462 2410 1476 2423 ,
1604 2378 1628 2545 ἐ

1451 2473 1465 2496 ἱ

596 2581 1154 2615 -ο--ΕΞΟΦΚ-’ὐ

1601 2536 1635 2610 ἐξ

1495 2652 1632 2826 nie-{³

1626 2865 1631 2889 ὃ
