1650 3060
1614 0 1650 78 Ψ

170 155 272 216 ’560
476 155 1010 214 nn'stlnsgmcnouss
1045 174 1266 207 emusrx

1625 217 1643 251 fl

171 273 436 326 monstratio
473 275 656 324 euidens
697 278 961 343 requiritur,
1016 281 1222 346 inprimis
1269 300 1357 348 qua
1399 295 1575 349 partem
1619 252 1642 320 ⁴²

172 346 381 400 alteram,
435 361 566 406 quae‘
586 342 648 390 est
674 347 721 392 in
760 351 917 410 poenis
962 359 1250 411 peccatorum
1287 368 1370 415 pro
1407 368 1575 413 genere

170 414 375 462 humano
403 411 664 460 subeundis:
695 430 799 461 nam
829 414 1048 463 christum
1077 417 1222 478 legem
1252 417 1446 467 diuinam
1470 437 1574 485 per-

169 478 285 528 fesse
322 477 521 537 seruasse,
572 480 628 527 de
665 497 721 528 eo
756 498 849 528 non
887 481 948 529 est
978 493 1054 530 aut
1092 482 1175 531 esse
1219 484 1364 550 potest
1397 488 1574 536 homini

169 544 418 596 Christiano
457 547 694 595 dubitatio:
751 548 827 596 etsi
863 550 984 606 sunt,
1039 554 1114 616 qui
1154 551 1384 612 dubitent,
1433 572 1491 602 an
1521 573 1572 603 ea

169 614 428 663 obedientia
464 615 719 663 hominibus
749 615 802 663 ad
834 616 1015 664 salutem
1056 618 1197 682 prosit
1231 631 1278 668 et
1317 623 1364 668 in
1406 621 1571 670 satisfa-

169 681 324 733 stione
354 700 440 747 pro
471 683 727 731 hominibus
750 686 842 731 eius
863 687 976 733 ratio
1002 686 1151 733 haberi
1178 687 1349 737 debeat.
1417 692 1575 756 Itaque‘
1629 703 1635 736 .’

128 782 132 785 -
170 750 228 798 de
248 750 327 799 illo
346 753 539 799 maxime
559 763 607 799 et
621 754 769 817 primo
788 752 890 800 loco
913 752 1148 803 videamus.
1630 755 1638 765 '¹

305 887 359 935 Id
389 896 537 948 autem
565 903 670 935 cum
699 888 849 935 multis
869 887 1108 953 perspicuis
1131 888 1392 939 testimoniis
1414 891 1568 940 doceri
1632 931 1634 933 >

167 952 328 1022 poffit‚
361 971 446 1002 nos
479 971 603 1002 nunc
631 954 810 1003 duobus
843 972 998 1003 eorum
1020 957 1256 1017 generibus
1277 960 1443 1007 erimus
1461 977 1568 1008 con·
1631 983 1635 991 ·

169 1025 309 1079 tenti,
354 1021 514 1087 quibus
544 1021 667 1069 resse
693 1019 927 1070 intelleffis
967 1021 1178 1087 (possunt
1204 1036 1350 1075 autem
1375 1026 1429 1074 ab
1461 1046 1570 1076 vno·
1615 1062 1634 1094 0

119 1108 121 1111 ’
154 1102 354 1156 vquoque
381 1090 580 1150 intelligi
603 1090 768 1139 leuiter
802 1088 1050 1147 admonito,
1096 1102 1218 1138 tanta
1238 1089 1300 1138 est
1326 1095 1565 1156 euidentia)
1633 1124 1635 1128 ν

107 1185 145 1225 '3‘-
168 1168 271 1213 tota
299 1174 370 1205 res
392 1155 454 1204 est
465 1155 802 1225 “·άν’σιντις’ῥῆτως’)
817 1155 1030 1205 confessa.
1099 1161 1295 1207 Primum
1323 1173 1434 1220 ergo
1456 1161 1567 1211 inest
1623 1153 1635 1219 f'·

110 1229 114 1237 ‘
155 1228 218 1275 =in
251 1227 302 1273 iis
330 1225 455 1282 locis,
485 1223 782 1290 vbi‘Clzjfert'us
810 1236 977 1288 peccata
1013 1228 1218 1274 hominum
1235 1228 1578 1295 infifiafiepiſj'e
1621 1216 1635 1316 J

128 1323 130 1326 ·
165 1312 216 1345 ac
250 1293 387 1357 tultffe
415 1293 597 1341 dicitur:
640 1311 834 1359 quorum
862 1295 1085 1359 principes
1113 1293 1213 1341 sunt
1237 1295 1314 1342 Ies.
1343 1299 1568 1351 Lm‚.1·1.
1621 1319 1634 1398 J

167 1373 216 1410 et
234 1366 300 1409 Io.
331 1365 366 1417 Ι,
392 1378 466 1424 29.
501 1363 547 1408 in
576 1379 768 1426 quorum
806 1363 946 1409 altero
977 1361 1128 1408 multis
1159 1360 1322 1410 dicitur
1359 1359 1569 1416 iustitiam
1627 1404 1633 1423 ᾖ

167 1441 217 1478 et
243 1429 427 1476 salutem
465 1441 724 1494 paraturus,
769 1430 890 1494 quod
918 1430 1477 1493 eorumzpeccatatulerit:
1519 1433 1567 1480 in
1608 1435 1633 1480 ‘s

165 1499 307 1546 altero
327 1507 479 1544 autem
496 1499 634 1544 totius
658 1500 832 1558 generis
853 1498 1038 1544 humani
1074 1496 1270 1558 (mundi)
1306 1494 1489 1562 peccata
1515 1501 1565 1547 in
1611 1523 1627 1553 χ

163 1565 211 1613 fe
228 1564 424 1630 suscepta
450 1563 568 1611 ferre
596 1566 686 1626 (vel
706 1566 872 1612 laturus
900 1563 1015 1625 esse.)
1084 1563 1207 1620 Quid
1231 1581 1340 1626 ergo
1361 1564 1422 1613 est
1446 1566 1574 1615 ferre
1611 1595 1618 1608 ι

165 1634 408 1681 hominum
427 1646 620 1697 peccata,
652 1643 730 1680 aut
747 1631 956 1696 quidesse
977 1631 1292 1698 potem-*nihil
1310 1633 1385 1680 hic
1404 1633 1466 1680 est
1485 1634 1564 1689 ub-

163 1701 281 1749 scuti
305 1710 381 1747 aut
400 1700 624 1761 ambigui3
656 1701 759 1747 nam
789 1700 886 1747 vsus
909 1698 1451 1763 loquendi'Hebraeorum
1481 1702 1564 1749 cla·
1607 1731 1613 1733 -

105 1812 108 1814 .
163 1786 243 1816 rus
264 1767 325 1814 est
350 1770 623 1831 minimeque
641 1766 876 1828 ambiguus
895 1768 939 1813 in
961 1767 1044 1812 hac
1070 1766 1282 1830 loquendi
1303 1766 1470 1814 forma:
1503 1769 1564 1816 se·

165 1835 365 1884 eundum
383 1851 516 1899 quem
535 1836 570 1881 is
590 1835 764 1881 alterius
786 1846 1020 1899 peccatum
1039 1832 1155 1880 ferre
1171 1833 1342 1889 dicitur,
1374 1836 1451 1898 qui
1468 1838 1562 1883 eius
1619 1887 1630 1898 „

164 1904 272 1952 loco
291 1903 498 1970 punitur,
532 1912 577 1948 et
597 1918 788 1966 poenam
810 1919 895 1966 pro
914 1902 1055 1948 altero
1075 1901 1172 1947 dat:
1205 1903 1327 1957 Quis
1349 1904 1468 1949 enim
1491 1905 1563 1952 vel
1609 1921 1629 1959 ,ἡ

162 1989 280 2037 puer
318 1969 457 2017 nescit
485 1969 596 2016 illud
626 1981 917 2034 praeceptum
945 1968 1174 2022 diuinum,
1197 1968 1320 2030 filius
1344 1988 1426 2017 non
1443 1971 1564 2019 debet

151 2039 284 2104 ferre
292 2046 508 2102 peccatum
518 2040 693 2100 patris,
725 2055 795 2085 nec
805 2047 936 2100 pater
952 2036 1052 2098 filii,
1079 2046 1156 2084 aut
1173 2039 1265 2084 eius
1283 2036 1457 2086 sensum
1477 2036 1569 2086 esse.
1597 2047 1628 2099 (ς,

134 2137 137 2139 -
163 2123 293 2164 eum,
325 2122 456 2172 quem
479 2104 676 2152 diximus.
1603 2102 1628 2196 {-

1605 2203 1627 2330 Ξ

1602 2484 1626 2543 a}

1599 2114 1624 2158 ἕ

299 2242 507 2289 Alterum
525 2257 665 2303 genus
684 2238 938 2305 suppeditet
970 2237 1103 2288 nobis
1128 2239 1329 2298 Paullus,
1356 2241 1560 2307 inprimis

161 2308 236 2357 ille
265 2309 454 2370 diligens
493 2320 538 2356 et
577 2309 787 2372 frequens
813 2319 946 2372 atque
973 2309 1106 2354 etiam
1145 2306 1566 2371 perspicuusin’ea
1599 2319 1620 2373 ᾗ

119 2401 122 2403 Δ
161 2394 213 2424 re
244 2375 453 2425 tradenda
491 2388 537 2423 et
561 2375 799 2423 asserenda:
853 2376 1021 2439 quippe
1050 2377 1127 2440 qui
1164 2375 1254 2438 hoc
1280 2371 1358 2422 sibi
1393 2373 1559 2424 doceh—
1591 2356 1627 2486 ἲ

161 2444 272 2490 dum
310 2444 526 2492 traditum
565 2442 650 2490 esse
692 2461 715 2491 a
745 2446 846 2489 Deo
881 2444 1105 2507 inprimis,
1160 2439 1407 2506 profitetur.
1471 2441 1559 2490 Sed

159 2511 278 2558 nihil
302 2511 510 2575 liquidius
543 2509 605 2558 est
631 2513 735 2558 loco
768 2527 844 2565 eo,
878 2512 924 2556 in
955 2527 1046 2575 quo
1073 2508 1202 2566 dicit,
1236 2512 1384 2557 Deum
1415 2526 1557 2570 genus

160 2579 410 2625 humanum
450 2579 598 2626 secum
633 2575 951 2634 reconciliasse,
1009 2589 1145 2640 atque
1183 2576 1405 2641 placatum
1440 2578 1481 2623 ei
1517 2577 1558 2623 se
1610 2571 1622 2625 ³:

160 2643 390 2697 reddidisse
421 2663 504 2712 per
529 2643 764 2697 Christum.
835 2643 1115 2701 Quomodo?¹
1155 2659 1261 2694 nam
1288 2660 1416 2702 eum,
1452 2660 1560 2692 cum

172 2745 175 2746 ν
1296 2748 1307 2753 -
1418 2727 1558 2777 purus

1608 2494 1618 2507 ’1

1594 2660 1623 2800 wrm„
1601 2598 1617 2613 -,
1602 2539 1625 2571 3
