1682 3068
202 219 300 282 146
533 232 598 262 ne
636 231 980 264 mansa-,urm
1003 232 1259 264 conpone

198 343 283 397 ita,
316 349 370 388 'vt
390 336 468 404 ipsi
490 338 770 395 iudicamus‚³·
787 338 1078 397 intellefiam,
1120 356 1213 404 quo
1227 342 1438 405 tempore
1456 338 1611 389 adhuc·

198 423 348 475 prope
367 406 548 455 sonabat
570 409 710 455 oratio
737 406 989 472 Apostolica
1021 424 1100 470 per
1131 408 1328 471 ipsorum
1365 408 1602 464 auditore-⁴5,

203 487 248 523 et
267 477 418 536 lingua
437 475 583 522 adhuc
593 475 700 522 v'iuass
712 483 806 522 erat
824 493 884 533 ea,
907 493 992 539 qua
1005 473 1207 539 Apostoli
1227 476 1271 521 in
1294 475 1526 523 scribendo
1543 475 1604 523 vsi

200 541 349 598 effent,
364 542 556 590 'mirifice
574 541 861 589 confirmatur
883 546 1071 598 animus,
1094 541 1288 590 iudicans
1307 543 1362 590 de
1384 545 1602 608 interpre-

201 611 400 677 tationis,
417 628 498 675 per
516 611 732 672 legitimas
745 622 859 658 artes
882 610 1092 674 quaesitae
1110 621 1155 656 et
1175 622 1392 675 repertae,
1410 612 1602 659 veritate„
1674 620 1677 623 ’

202 683 358 744 Atque
381 695 472 726 non
490 678 616 724 aliam
638 676 714 724 nifi
736 679 852 724 hanc
872 681 959 724 vim
981 679 1219 741 antiquitas
1241 678 1424 734 erudita,
1458 687 1504 724 et
1522 695 1604 726 no-

202 745 279 794 stri
302 746 365 793 illi
389 747 608 811 principes
630 742 869 801 dostrinae,
892 745 1149 792 testimonio
1163 744 1380 792 Ecclesiae
1397 746 1622 810 antiquae·

203 815 481 870 tribuerunt,
509 815 725 860 Facundus
745 813 1075 875 Hermianenfis,
1102 812 1340 863 Wncentius
1358 816 1614 880 Lerinensts,

204 881 262 929 de
284 878 438 931 nostris
458 881 773 935 Melancbthon,
802 883 924 927 cuius
942 880 1004 928 est
1025 879 1081 926 de
1099 897 1148 927 ea
1168 897 1217 927 re
1237 881 1605 946 disputatiuncula

203 950 258 998 ad
276 964 294 996 1
315 949 412 997 Cor.
433 964 502 1006 14.
522 950 599 995 T.l
610 949 661 996 V
672 948 784 1010 Opp.
798 965 845 1010 p.
860 965 969 1006 290.
1014 950 1172 995 Tertia
1193 952 1341 995 cautio
1359 946 1432 1003 est,
1452 950 1498 994 in
1518 966 1614 1013 qua·

202 1019 390 1064 maxime
410 1026 456 1062 et
477 1013 714 1079 saepiffime
733 1026 963 1079 peccatur,
996 1026 1321 1081 peccatumque
1347 1013 1408 1062 est
1433 1015 1608 1081 semper

204 1086 253 1134 in
275 1084 348 1131 illa
367 1080 688 1140 controuersia,
725 1082 837 1148 quid
855 1085 1089 1147 antiquitas
1119 1083 1174 1130 de
1195 1088 1344 1131 Coena
1368 1083 1487 1138 ,sacra
1521 1099 1608 1148 qua

203 1163 378 1219 partem
402 1167 497 1197 eam
519 1148 731 1206 statuerit,
748 1149 803 1196 de
814 1168 899 1215 qua
918 1150 1206 1215 disputamus,
1218 1161 1267 1198 vt
1283 1168 1342 1198 ne
1360 1151 1609 1216 promiscue

205 1230 384 1267 Vtamur
402 1219 513 1265 locis
542 1217 759 1265 librorum
777 1228 1002 1272 veterum,
1036 1217 1109 1264 sed
1137 1234 1297 1265 eorum
1323 1220 1497 1281 primo,
1530 1218 1616 1280 quiv

240 1286 435 1334 ublicam
453 1283 762 1332 austeritatem
783 1285 1041 1341 habuerint,
1059 1295 1108 1331 vt
1126 1285 1246 1332 haud
1266 1284 1396 1332 dubie
1412 1284 1511 1332 infit
1526 1284 1608 1332 do-

204 1303 346 1402 {trina
365 1352 542 1417 publica
562 1349 800 1398 Ecclesiae:
842 1349 942 1415 post
961 1353 1127 1399 horum
1139 1386 1149 1406 ,
1177 1355 1255 1416 qui
1274 1354 1460 1417 proprie·
1475 1352 1607 1418 perti.-

118 1426 125 1429 ”
206 1434 319 1470 nent
330 1420 383 1468 ad
400 1421 817 1485 interpretationem
829 1421 1151 1483 Scripturarum
1163 1428 1188 1480 3⁴
1199 1419 1345 1483 quales
1367 1419 1468 1467 sunt
1477 1422 1618 1468 Com<

207 1489 416 1538 mentarii
436 1501 593 1534 eorum
606 1521 617 1540 ,
654 1503 768 1551 quos
786 1484 956 1534 constet
975 1486 1090 1533 bene
1109 1486 1309 1533 eruditos
1329 1498 1375 1534 et
1392 1489 1621 1553 interpre⁸>

208 1558 332 1607 tandi
352 1558 519 1622 peritos
539 1551 675 1610 fuisse,
700 1567 775 1601 aut
793 1554 903 1601 locis
924 1552 1139 1601 librorum
1159 1555 1233 1610 iis,
1248 1555 1293 1599 in
1311 1554 1471 1618 quibus
1491 1554 1611 1601 testi-⁴

208 1626 360 1676 monia
371 1626 710 1688 Scripturarum,
729 1619 784 1666 ad
804 1618 990 1667 causs'am
1011 1621 1297 1685 pertinentia,
1331 1623 1514 1686 proprie
1535 1639 1609 1668 exe

209 1695 450 1760 plicantur:
497 1690 690 1753 denique
717 1689 764 1734 in
793 1687 950 1752 quibus
979 1685 1035 1733 de
1055 1703 1110 1733 eo
1131 1689 1274 1752 capite
1299 1685 1525 1735 doetrinae
1555 1706 1608 1736 ex

209 1758 436 1814 instituto,
465 1754 712 1820 explicandi
733 1754 882 1811 caussa,
915 1756 1074 1815 agitur.
1143 1759 1264 1801 Nam
1283 1771 1310 1800 e
1330 1755 1485 1803 talibus
1507 1756 1619 1804 solis>

212 1825 413 1876 doarina
429 1826 650 1887 cuiusque
679 1825 830 1868 aetatis
860 1836 987 1868 certo
1011 1823 1217 1882 cognosci
1248 1821 1416 1886 potest:
1460 1834 1617 1870 cetera:

213 1895 381 1944 debent
399 1892 452 1939 ad
474 1892 636 1938 horum
660 1906 861 1936 normam
878 1890 1096 1954 explicari.
1190 1892 1278 1935 His
1298 1890 1444 1937 tribus
1471 1891 1620 1952 igitur?

213 1962 482 2018 obseruatis,
517 1956 636 2005 reste
654 1957 744 2004 hoc
775 1968 1040 2018 argumento
1063 1966 1259 2012 vtemur,
1300 1973 1385 2004 nec
1403 1959 1616 2005 mouebi-·

213 2047 314 2079 mur
346 2028 490 2093 specie
519 2024 748 2079 dissensus,
794 2041 908 2088 quae
943 2025 1115 2071 Claudio
1141 2034 1188 2070 et
1214 2024 1413 2072 Arnaldo
1441 2037 1489 2073 et
1516 2026 1617 2072 aliis-

214 2108 306 2146 tam
325 2092 508 2143 molesta
530 2093 662 2151 fuit„
682 2103 963 2139 cum·neuter
981 2087 1194 2137 omnibus
1223 2091 1354 2148 locis,
1391 2091 1446 2139 ab
1467 2093 1609 2140 altero

214 2183 300 2232 pro
321 2165 395 2212 sua
417 2162 628 2209 sententia
647 2159 849 2224 prolatis,
887 2159 1128 2206 satisfacere
1148 2156 1301 2222 posset.
1401 2162 1470 2207 Sic
1498 2175 1614 2221 ergo·

215 2249 420 2296 agemus:
461 2244 726 2292 quamquam
746 2227 835 2274 hoc
858 2229 940 2273 iam
962 2229 1134 2287 egimus
1152 2227 1198 2271 in
1216 2227 1609 2275 Anti-muratorio

207 2319 256 2364 p.
280 2307 356 2358 67.
403 2297 501 2353 Sed,
521 2298 623 2360 quia
641 2295 701 2341 ibi
722 2293 767 2340 id
791 2296 959 2355 egimus
980 2293 1180 2341 aduersus
1200 2293 1467 2351 Pontificius,
1484 2311 1608 2342 nunc

216 2377 374 2415 contra
399 2367 526 2412 aliam
558 2364 779 2410 rationem
799 2361 1093 2425 disputamus,
1137 2360 1335 2408 breuiter
1363 2362 1458 2421 hic,
1495 2380 1609 2428 quae

213 2435 277 2483 ibi
296 2431 408 2480 dista
426 2432 547 2488 sunt,
581 2446 685 2477 cum
700 2430 848 2493 aliquo
870 2426 1062 2475 anssario
1081 2440 1345 2493 repetemus.

321 2518 393 2559 19.
426 2502 598 2546 Primus
622 2499 757 2558 igitur
777 2499 919 2552 exiis,
953 2513 1061 2560 quae
1081 2494 1406 2552 constituimus,
1439 2500 1610 2558 generi·

214 2565 321 2623 bus,
357 2568 483 2614 locus
503 2564 565 2611 est
585 2566 730 2629 Iustini
759 2566 804 2610 in
825 2564 950 2626 Apol.
968 2564 1170 2626 fi’cunda,
1215 2581 1326 2628 quae
1351 2563 1485 2613 habet
1517 2570 1607 2614 vim

215 2635 364 2698 scripti
386 2633 559 2697 publici,
590 2634 696 2697 quia
716 2631 870 2695 scripta
891 2628 951 2677 est
973 2630 1025 2677 ad
1044 2632 1324 2677 auertendam
1344 2631 1397 2676 ab
1419 2632 1607 2681 Ecclesia

213 2700 593 2770 persecutIOnem‚
628 2710 674 2746 et
693 2696 756 2745 est
773 2697 1060 2746 Confeffionis
1079 2696 1279 2762 publicae
1298 2696 1439 2748 instar.
1481 2705 1608 2749 Nam
1671 2744 1673 2746 ,

1530 2766 1607 2817 etsi
