1682 3068
324 193 386 226 ηε
437 189 737 226 nmmum:
782 177 1200 222 cons-rxr'vzuun
1366 185 1468 236 205

28 293 204 366 ἔρἃῃ,
229 295 726 356 ffiffissaeerbajntur,
756 306 806 343 vt
826 295 1055 352 ordinaria,
1088 305 1135 346 et
1157 304 1260 344 ante
1277 291 1471 353 efficacia

27 363 37 409 f
59 365 259 418 &media
279 364 642 418 ,soemffflduersus
669 379 751 410 eos
778 366 871 410 vim
900 367 1122 420 amittant,
1159 375 1468 427 cogunturque

56 435 228 485 medici
259 439 450 486 noue-et
473 429 1113 496 efficaciorassircumspicere,
1181 445 1228 479 et
1265 430 1469 494 pluribus

59 504 185 551 velut
201 505 510 553 ntmiw’wmm
531 501 820 564 pertinaciam
840 515 1119 563 oppugnare.
1199 503 1256 546 Et
1272 498 1394 554 sunt,
1418 501 1468 548 in

61 573 149 620 hac
173 570 415 620 communio
433 569 573 618 totius
613 568 788 630 generis
826 567 1010 613 humani
1042 569 1229 614 naturali
1257 566 1470 632 depraua-

60 641 428 695 tione‚2ermrum
445 637 748 699 vitiorumque
767 634 912 682 morbi
931 633 1047 680 haud
1068 637 1210 697 pauci,
1244 639 1322 698 qui
1340 651 1468 683 men-

61 717 132 755 tes
151 708 418 773 ,animmque
448 704 684 751 hominum
723 700 952 752 infestant:
1022 701 1094 747 sed
1122 701 1301 766 quidam
1347 701 1470 768 apud

62 772 478 837 quasdnmsgentes,
508 783 555 818 et
574 769 839 833 quibusdam
858 769 1163 834 temporibus,
1205 772 1329 817 variis
1351 771 1470 818 caus-

61 840 117 890 sis
134 843 213 898 ite,
242 844 440 905 primum
462 840 546 887 late
566 838 764 903 serpunt,
800 837 960 888 deinde
977 836 1302 900 mgrauescunt,
1323 850 1369 884 vt
1388 837 1468 885 vfi-

60 910 166 957 entis
186 907 456 964 rationibus,
490 908 788 968 argumenti5‚
831 904 1126 970 institutisque
1142 903 1196 951 ab
1219 908 1272 952 iis
1294 906 1469 955 liberari

60 986 136 1024 aut
161 976 367 1023 homines
396 973 566 1039 oppido
598 976 746 1037 pauci,
813 984 892 1021 aut
932 990 1067 1021 nemo
1096 971 1221 1038 posse
1248 973 1463 1022 videatur.

61 1042 194 1090 Vnde
210 1041 348 1090 existit
361 1042 459 1093 sane
478 1041 688 1106 quaedam
699 1041 927 1090 neceffitas
939 1040 1291 1090 inducendarum
1304 1058 1469 1100 rernm,

61 1129 173 1176 quae
194 1111 310 1161 hauc
329 1113 418 1159 vim
436 1110 648 1167 habeant,
682 1120 730 1157 vt
747 1111 802 1158 ab
819 1113 873 1157 iis
894 1111 964 1156 vel
984 1108 1232 1158 abstrahere
1252 1110 1466 1157 homines

58 1166 325 1244 impeditos,
356 1178 425 1226 vel
443 1196 600 1227 cauere
618 1180 804 1238 integris
824 1176 1000 1243 poffint.
1103 1178 1203 1224 Alia
1222 1178 1291 1224 his
1311 1175 1466 1226 similia

62 1246 258 1293 incidere
279 1245 457 1311 pofl'unt
476 1250 708 1307 ingenere
727 1246 924 1295 humano
939 1282 949 1302 ‚
987 1262 1101 1310 quae
1121 1247 1273 1293 locum
1301 1245 1468 1294 faciant

60 1317 197 1362 nouis
215 1324 262 1360 et
281 1313 515 1363 arbitrariis
537 1316 581 1360 in
604 1314 821 1374 religione
838 1313 1058 1371 institutis,
1078 1315 1218 1377 iisque
1236 1313 1348 1362 adeo
1369 1330 1467 1362 non

61 1381 202 1429 modo
220 1398 312 1429 non
332 1380 631 1445 improbandis
657 1394 734 1427 aut
763 1381 1104 1429 contemnendis
1125 1379 1218 1427 fine
1237 1384 1397 1428 iniuria
1416 1386 1466 1430 in

61 1451 237 1503 Deum,
268 1448 340 1498 sed
360 1451 492 1497 etiam
516 1450 562 1496 in
586 1448 861 1496 documentis
881 1448 1114 1513 sapientiae
1132 1449 1240 1496 etin
1270 1466 1467 1500 numero

64 1515 384 1566 beneficiorum
408 1515 662 1564 diuinorum
681 1515 965 1581 reponendis.
1452 1553 1459 1557 .

160 1599 235 1641 30.
290 1586 418 1630 Haec
434 1583 532 1631 fere
549 1583 806 1640 habuimus,
841 1601 953 1648 quae
970 1581 1024 1630 ad
1045 1580 1319 1631 asserendum
1353 1585 1465 1632 diui·

60 1666 170 1712 num
203 1652 251 1697 in
286 1652 504 1716 religione
540 1649 845 1700 constituenda
870 1652 1099 1699 arbitrium
1136 1653 1227 1699 hoc
1257 1663 1468 1717 tempore

53 1716 395 1783 disputaremus.
495 1722 547 1766 ln
565 1720 724 1784 quibus
754 1720 869 1769 hanc
898 1739 923 1768 a
943 1719 1072 1767 nobis
1102 1721 1321 1768 rationem
1344 1720 1484 1768 habi--

60 1794 151 1833 tam
164 1821 175 1840 ,
207 1785 389 1848 diligens
409 1784 552 1837 lestor
570 1788 813 1850 intelliget,
852 1801 900 1836 vt
919 1805 1011 1836 non
1032 1787 1171 1836 modo
1191 1805 1270 1836 eos
1290 1788 1466 1836 refelle·

60 1869 235 1908 remus,
271 1856 348 1919 qui
367 1856 437 1903 vel
458 1858 648 1903 omnino
668 1857 932 1917 religionem
954 1855 1167 1905 diuinitus
1189 1855 1393 1904 traditam
1415 1859 1467 1904 in

58 1919 180 1967 libris
198 1920 327 1969 sacris
346 1923 503 1970 tollere
524 1934 751 1988 cuperent,
766 1925 842 1973 illo
860 1926 935 1973 tali
953 1923 1137 1973 arbitrio
1157 1924 1341 1973 adiuina
1362 1942 1463 1989 per-

65 1985 263 2034 festione
285 1989 584 2047 remouendo‚
636 1993 730 2048 vel,
775 2009 879 2051 cum
907 1991 1150 2054 agnoscere
1178 1992 1465 2040 diuinitatem

61 2054 284 2104 librorum
323 2056 548 2104 sacrorum
588 2057 865 2118 viderentur,
934 2073 1084 2108 tamen
1119 2061 1463 2125 interpretando

60 2136 271 2170 reuocare
290 2123 502 2187 pleraque
530 2123 584 2170 ad
616 2123 858 2174 naturalem
878 2129 1141 2189 religionem
1174 2139 1463 2184 conarentur,

59 2187 186 2252 quod
217 2191 475 2237 Socinianos
502 2208 750 2256 eorumque
777 2198 974 2243 aemulos
1017 2195 1162 2243 facere
1190 2195 1466 2249 animaduer-

58 2255 153 2304 sum
173 2253 254 2315 est,
298 2256 371 2304 sed
390 2269 438 2304 vt
465 2274 543 2305 eos
566 2262 695 2309 etiam
717 2257 1105 2319 confirmaremus,
1146 2264 1224 2326 qui
1250 2261 1369 2311 refie
1405 2262 1463 2313 de

51 2323 281 2385 ‘religione
297 2323 533 2372 Christiana
554 2327 785 2385 sentirent,
829 2342 874 2378 et
894 2331 1101 2377 aduersus
1133 2332 1315 2379 illorum
1344 2332 1462 2380 male

59 2390 205 2438 sanam
224 2392 481 2456 sapientiam
505 2397 791 2445 muniremus.
886 2400 1084 2453 Etenim,
1125 2409 1175 2446 vt
1192 2397 1339 2446 nostra
1371 2399 1463 2450 fert

29 2510 44 2514 ,‚
58 2461 244 2522 opinio,
273 2459 487 2524 quicquid
505 2463 584 2509 viri
604 2462 724 2510 dosti
741 2464 946 2511 aduersus
973 2483 1145 2513 errores
1166 2483 1344 2525 eorum,
1385 2468 1464 2532 qui

59 2525 325 2573 Christianae
353 2527 580 2588 religionis
599 2533 828 2579 veritatem
847 2543 980 2597 atque
1006 2533 1284 2582 diuinitatem
1314 2553 1462 2600 oppu-

55 2605 267 2652 gnauere,
288 2595 440 2641 multis
461 2596 754 2645 eruditiffimis
777 2599 897 2646 libris
916 2599 1267 2666 disputauerunt,
1295 2603 1340 2649 id
1363 2620 1460 2651 non

58 2667 151 2707 tam
177 2660 380 2726 prodeffe
404 2662 467 2709 illi
497 2665 757 2721 voluerunt,
803 2679 879 2716 aut
914 2680 1035 2719 certe
1063 2670 1233 2735 profuit
1270 2670 1323 2718 ad
1359 2671 1464 2719 illos

1313 2737 1461 2788 sanan-
