1682 3068
189 169 250 216 32
815 170 1028 205 aum-1

185 251 450 341 adiungeret,
473 283 541 332 vt,
569 279 901 341 quemadmodum
926 295 1076 342 corpus
1097 278 1270 344 Christi,
1296 289 1484 343 propter
1498 297 1587 332 con·

184 345 425 393 iunhtionem
443 363 530 392 cum
551 347 689 392 diuina
718 340 838 409 λόγε
859 355 1035 403 natura,
1073 347 1204 394 verba
1226 348 1324 394 sunt
1343 349 1519 412 Nyffini
1536 365 1589 394 ex

184 413 404 461 Oratione
425 427 579 472 magna
603 411 779 464 Catech.
801 430 839 460 c.
862 430 934 473 37.
953 411 984 459 fi
1001 424 1153 461 tamen
1174 413 1235 460 est
1256 416 1452 480 Nyſjbni:
1479 413 1588 483 πςὸς

181 478 252 536 τήν
278 476 423 532 &cmv
454 477 585 547 α’ξίοιν
613 477 903 542 μετεποιήθη,
945 484 987 528 in
1015 485 1196 530 diuinam
1225 486 1468 548 dignitatem
1498 501 1588 531 con·
1661 539 1671 548 ι

181 549 345 611 versum
362 547 472 611 ff't‚
493 553 822 613 Proptereaque
841 551 964 595 Deus
985 558 1030 596 et
1050 547 1155 596 effet
1171 559 1218 597 et
1236 550 1467 604 diceretur,
1492 567 1588 598 non

180 627 332 662 tamen
359 631 442 680 per
470 615 531 669 se,
589 613 662 662 sed
685 617 875 682 propter
904 615 1273 665 coniunffionem
1303 635 1409 665 cum
1439 617 1587 665 diuina

178 693 351 738 natura,
384 684 442 729 ita
458 684 582 749 panis
606 683 908 737 consecratuS,
943 684 964 730 ὁ
986 686 1049 747 τῷ
1065 683 1192 749 λόγῳ
1213 683 1266 738 τῦ
1285 684 1374 736 Seis*
1393 679 1584 751 σίγιαζὸ·

179 770 300 814 μενος
318 745 470 817 ἆξτος,
511 749 566 805 εἰς
585 749 725 815 σῶμα
743 749 799 804 vi}
815 749 907 802 8εὲ
926 747 1045 815 λέγει
1064 754 1358 815 μεταποιῆτιη
1368 787 1384 814 ,
1427 758 1470 800 in
1497 771 1587 801 cor·

170 837 256 884 pus
275 818 426 883 Christi
443 821 629 866 conuerti
644 823 892 877 crederetur,
912 818 1226 884 dicereturque
1238 837 1403 885 corpus
1415 818 1586 876 Christi,

178 903 272 934 non
296 889 378 952 per
396 885 462 943 se,
512 884 581 931 sed
604 885 723 950 quod
743 884 848 933 effet
875 903 978 933 cum
1001 903 1195 953 corpore
1216 886 1379 936 Christi
1399 889 1588 935 coniuno

178 953 285 1003 Eius.
389 951 475 1000 Sed
493 953 610 1000 hanc
634 958 813 1002 Pati-um
837 953 1079 1013 Ecclesiae,
1121 952 1400 1020 omninoque
1420 957 1585 1002 veteris

177 1033 228 1070 et
252 1023 538 1085 incorruptae
566 1019 781 1070 Ecclesiae
818 1033 1018 1070 mentem
1058 1020 1207 1079 fuiss‘e,
1263 1023 1407 1071 altero
1440 1023 1584 1086 capite

174 1089 465 1150 intelligetur.
533 1088 620 1136 Sed
640 1091 943 1152 Liturgiarum
965 1093 1309 1138 concinnatores
1331 1093 1388 1137 ita
1406 1087 1584 1145 smfiffe,
1660 1126 1669 1143 ,

173 1155 422 1224 planiffime
442 1157 632 1222 probem
654 1158 756 1206 loco
781 1160 972 1206 Canonis
992 1156 1295 1214 Ambrofiani,
1332 1175 1356 1204 a
1374 1160 1506 1205 Saxio
1526 1161 1583 1207 V}

173 1230 224 1275 C.
245 1244 297 1272 ex
318 1227 503 1288 antiquo
522 1223 685 1272 Miffali
707 1225 996 1274 Ambrofiano
1018 1225 1260 1286 descripto,
1289 1235 1336 1272 et
1356 1222 1410 1272 ad
1428 1227 1583 1272 Mum·

172 1296 329 1342 t'orium
349 1291 495 1349 misso,
533 1295 580 1340 in
603 1311 693 1358 quo
718 1293 918 1342 sacerdos
938 1291 1039 1359 post
1059 1293 1465 1348 consecrationem,
1493 1309 1582 1356 qua
1639 1314 1651 1324 κ

175 1361 291 1410 illam
311 1357 565 1424 μεταβολήν
585 1355 746 1417 amdan
765 1360 860 1408 fieri
879 1371 1007 1426 putat
1025 1377 1127 1407 cum
1143 1359 1328 1407 Ecclesia
1338 1363 1468 1407 Rom.
1482 1361 1584 1427 Mu·

172 1433 383 1484 ratorius,
418 1440 566 1475 tamen
586 1433 736 1475 Deum
757 1438 907 1489 rogat,
941 1437 989 1476 vt
1009 1428 1159 1475 mittat
1180 1428 1346 1476 Filium
1367 1426 1582 1481 suumne

172 1499 405 1544 veritatem
429 1497 659 1544 Dominici
678 1498 879 1562 corporis
901 1506 948 1542 et
974 1496 1192 1557 sanguinis
1212 1495 1418 1541 hauriant
1439 1512 1578 1544 κοινω·

171 1564 316 1619 νὲντες.
388 1564 561 1620 Quibus
580 1564 788 1628 precibus
810 1562 1019 1628 quorsum
1042 1579 1176 1627 opus,
1211 1559 1243 1607 fi
1261 1563 1348 1608 iam
1371 1561 1580 1608 conuersa
1659 1593 1667 1605 .

171 1631 233 1679 est
254 1635 298 1679 in
320 1649 486 1696 corpus
508 1630 663 1678 Christi
680 1632 804 1696 panis
832 1629 1089 1683 substantia,
1127 1625 1156 1674 fi
1186 1645 1211 1674 e
1230 1629 1334 1675 vino
1364 1625 1478 1676 fasta
1514 1626 1578 1675 est

170 1698 404 1747 substantia
421 1698 653 1760 sanguinis.
729 1697 843 1745 Illud
865 1697 1047 1754 addere,
1091 1710 1356 1760 quamquam
1377 1697 1479 1743 leue
1499 1693 1577 1753 est,

168 1785 263 1816 non
285 1768 481 1815 alienum
503 1765 702 1813 videtur:
734 1763 855 1829 quod
877 1768 1145 1813 Muratorius
1166 1764 1206 1810 se
1227 1762 1480 1821 desiderare,
1500 1765 1574 1819 ait,

166 1838 217 1883 in
245 1837 451 1900 Bingamo
482 1835 681 1881 animum
721 1833 775 1880 ad
813 1835 1047 1879 veritatem
1078 1830 1242 1878 sincere
1273 1830 1576 1895 quaerendam

170 1901 490 1967 compositum,
535 1905 610 1966 qui
640 1902 680 1948 sc
703 1901 821 1948 dicat
851 1902 897 1948 in
921 1900 1106 1965 Nyſji’no
1139 1897 1415 1963 quaefiuiffe5
1457 1912 1576 1963 quae

170 1969 448 2018 conuerfioni
468 1973 692 2017 Romanae
712 1969 911 2015 fauerent
933 1970 1052 2023 loca,
1093 1984 1178 2013 nec
1199 1965 1433 2023 inueniffe,
1466 1983 1574 2014 cum

168 2040 269 2086 talia
307 2036 391 2084 sint
417 2039 546 2102 plura
572 2041 616 2085 in
646 2040 735 2083 eius
766 2037 954 2101 scriptis,
1004 2053 1028 2080 e
1066 2035 1226 2099 quibus
1258 2051 1396 2080 vnum
1442 2032 1574 2081 affert

167 2108 321 2161 illum,
361 2122 387 2151 e
409 2104 633 2153 Catechesi
665 2121 845 2165 magna3
914 2106 957 2150 in
988 2121 1043 2149 eo
1071 2105 1273 2149 iniuriam
1304 2101 1381 2166 ipfi
1411 2101 1573 2148 facere.

167 2179 280 2221 Non
303 2177 447 2220 minus
472 2176 591 2220 enim
612 2190 744 2237 quam
769 2174 1038 2219 Muratorius
1066 2171 1186 2218 illum
1208 2172 1359 2217 locum
1374 2204 1385 2225 ,
1424 2181 1470 2216 et
1490 2171 1575 2216 alia·

167 2240 321 2289 firnilia
338 2240 456 2306 apud
478 2243 797 2294 Bellarminum‚
849 2242 1118 2293 Perronium,
1164 2250 1298 2301 atque
1326 2239 1458 2284 etiam
1490 2238 1570 2284 Al-

168 2312 392 2365 bertinum,
410 2320 635 2373 repererat
664 2310 913 2370 Bingamus:
949 2305 1021 2352 sed
1043 2310 1085 2352 in
1110 2324 1164 2352 eo
1187 2307 1278 2370 ipso
1303 2305 1423 2357 nihil,
1446 2303 1572 2366 quod

167 2375 427 2425 substantiae
457 2373 798 2422 conum-sionem
831 2378 1021 2428 iuuaret,
1063 2377 1250 2433 reperit,
1296 2384 1343 2419 vt
1369 2387 1452 2417 nec
1484 2389 1567 2417 nos

167 2445 257 2493 vllo
282 2443 420 2490 modo
442 2442 588 2490 videre
610 2441 850 2507 polsumus.
926 2443 1036 2489 Satis
1060 2442 1248 2496 ditium,
1285 2443 1328 2486 in
1352 2442 1440 2486 hoc
1472 2442 1566 2501 qui-

168 2512 272 2559 dem
293 2513 461 2575 capite,
492 2511 544 2557 de
566 2508 816 2578 μεταβολῇ,
858 2516 1206 2557 transmutatione
1229 2519 1270 2555 et
1289 2508 1568 2572 conuerssone:

167 2579 221 2627 ad
241 2576 588 2645 μεταμόςφωσιν
603 2614 616 2638 ,
651 2579 1059 2641 transfigurationem
1082 2588 1120 2624 et
1143 2576 1565 2637 transformationem,

168 2649 237 2695 cui
262 2647 566 2709 multomagis
590 2645 775 2694 confidit
796 2650 1086 2703 Muratorius,
1118 2644 1400 2692 transeamus,

1496 2712 1565 2755 Ac
