1650 3060
731 385 813 426 DE

521 473 1043 524 NECESSITATE

374 579 827 641 REVELATIONIS
895 554 1196 631 mvmssffi„
1225 607 1228 610 ι

69 674 1042 765 ADVERSVS
1161 698 1479 775 BOS,

225 821 505 896 Qvlmvs
540 822 1011 877 COGNJTIONEM
1046 824 1314 870 RATIONI
1487 818 1491 821 ’

217 999 219 1003 ,
255 947 258 950 ’
319 947 642 995 HVMANAE
677 947 999 994 AssERTvM
1026 945 1216 993 EVNT.

66 1175 261 1304 Cum
291 1190 355 1243 ita
383 1187 622 1248 accidisset,
652 1192 868 1238 Friderice
885 1188 1073 1244 Schulzi,
1106 1193 1178 1238 vir
1206 1191 1385 1238 maxime
1415 1206 1484 1239 re-

127 1255 133 1258 ’
215 1262 411 1313 verende,
449 1269 499 1306 vt
540 1258 738 1323 quodam
764 1253 988 1304 affinitatis
1030 1257 1213 1305 vinculo
1242 1260 1360 1304 inter
1395 1274 1485 1305 noe

30 1372 37 1373 ff
66 1325 381 1385 iungeremut:
416 1328 561 1390 coepi,
599 1342 703 1373 eum
731 1326 930 1390 primum
952 1328 1131 1372 Tecum
1149 1322 1248 1380 effe,
1283 1329 1483 1373 Tecum·

21 1400 25 1405 '
65 1409 160 1458 que
179 1394 306 1458 loqui
323 1394 436 1443 mihi
452 1391 722 1452 contigisset,
752 1392 796 1439 id
814 1391 937 1456 quod
965 1389 1130 1441 fastum
1150 1393 1230 1441 scis
1261 1391 1347 1440 effe
1366 1405 1481 1450 tum,

19 1468 22 1469 ’
68 1477 176 1509 cum
203 1461 382 1510 scholae
411 1459 627 1509 Portenfis
666 1460 894 1525 disciplina
922 1463 1206 1516 continerem
1243 1465 1377 1526 coepi
1404 1463 1484 1523 igi-

35 1541 41 1546 ‘
67 1538 160 1584 tur,
192 1546 289 1576 non
317 1528 460 1576 dubiis
490 1526 642 1590 signis,
677 1544 892 1589 magnum
923 1531 1082 1576 Tuum
1111 1529 1338 1595 quendam
1375 1546 1481 1589 erga

66 1612 145 1646 me
182 1595 544 1659 singularemque
584 1613 783 1645 amorem
822 1595 1085 1661 perspicere.
1165 1599 1211 1644 Is
1240 1613 1344 1645 cum
1374 1595 1482 1645 effet

32 1702 38 1704 ψ
65 1664 180 1712 mihi
207 1681 290 1730 pet
314 1663 384 1719 se,
413 1666 478 1712 vti
502 1662 694 1713 debebat
719 1657 806 1711 eise
834 1661 1067 1712 dostiffimi
1099 1664 1302 1712 hominis
1337 1682 1480 1722 amor,

63 1732 312 1787 iucundus,
338 1742 437 1779 tum
459 1748 568 1779 vero
595 1742 691 1779 erat
720 1731 812 1780 hoc
838 1730 1100 1788 iucundior,
1132 1731 1257 1796 quod
1289 1734 1395 1781 mihi
1417 1735 1480 1780 vi-

67 1797 203 1847 deb-r
227 1799 503 1858 intelligere,
542 1798 587 1846 id
621 1797 745 1864 quod
774 1817 799 1847 a
825 1801 900 1847 Te
925 1797 1076 1864 postea
1104 1802 1292 1848 memini
1319 1800 1484 1858 audire,

68 1883 177 1913 eum
207 1883 302 1913 non
329 1868 467 1926 magis
488 1864 691 1914 affinitati
710 1866 858 1923 tribui,
886 1884 1022 1930 quam
1043 1866 1292 1916 incredibili
1311 1869 1483 1916 discen·

69 1932 114 1981 di
143 1931 400 1997 cupiditati,
433 1943 480 1981 et
506 1934 704 1994 ingenio,
735 1931 860 1995 quod
889 1937 968 1981 Tu
1005 1932 1094 1980 fiue
1122 1934 1343 1990 audieras,
1376 1935 1480 1990 fiue,

67 1999 194 2066 quod
217 2001 331 2048 mihi
356 2002 542 2064 propius
569 1998 705 2048 fidem
733 1999 920 2057 videtur,
947 2000 1063 2065 ipse,
1095 2013 1295 2049 amanter
1323 2005 1503 2064 magist

67 2084 337 2134 quamxvere
364 2067 593 2123 iudicatas,
622 2064 760 2132 poss'e,
793 2064 871 2114 nifi
899 2069 1105 2117 voluntas
1138 2070 1248 2116 mihi
1268 2068 1493 2119 studiqu

67 2153 160 2201 que
197 2132 425 2192 defuiss‘et,
477 2134 727 2199 aliquando,
758 2134 812 2181 ad
842 2151 1156 2201 quamcunque
1183 2138 1226 2184 se
1254 2139 1483 2186 literarum

66 2213 241 2270 partem
261 2201 459 2258 dediss‘et,
500 2204 544 2250 in
569 2220 620 2249 ea
638 2203 779 2263 longe
805 2201 1061 2266 procedere.
1085 2235 1088 2237 -
1129 2203 1292 2262 Postea,
1327 2224 1482 2270 quam-

70 2287 204 2335 quam
236 2271 370 2319 multi
399 2267 736 2318 intercesserunt
755 2272 873 2324 anni,
904 2286 1011 2317 cum
1029 2275 1139 2318 Tuo
1175 2275 1221 2319 in
1246 2291 1319 2320 me
1339 2275 1485 2321 amori

68 2338 170 2385 rsus
190 2338 348 2395 defuit,
381 2357 405 2386 a
430 2355 520 2402 quo
548 2338 621 2385 vel
650 2339 837 2385 maxime
865 2354 1062 2384 amorem
1082 2340 1135 2385 ali
1157 2340 1316 2389 scimus
1346 2358 1397 2388 ac
1415 2341 1486 2390 su·

69 2402 272 2453 stentari:
304 2417 460 2454 tamen
488 2406 598 2453 nihil
629 2422 680 2452 ea
710 2421 781 2452 res
812 2404 931 2469 apud
951 2409 1025 2452 Te
1044 2407 1186 2454 valuit
1203 2408 1257 2455 ad
1279 2426 1486 2457 amorem

71 2488 201 2528 eum,
251 2490 387 2536 quem
422 2474 557 2521 semel
580 2470 858 2537 suscepisseS,
900 2471 1237 2537 deponendum.
1316 2480 1490 2542 Itaque,

38 2560 51 2574 x
67 2549 122 2587 vt
138 2542 337 2606 primum
366 2541 477 2589 mihi
502 2539 673 2588 reddita
700 2538 763 2586 est
791 2539 1122 2588 consuetudinis
1145 2546 1274 2592 Tuae
1303 2544 1488 2593 facultas

31 2651 45 2670 ,
70 2608 228 2676 aliqua,
268 2612 328 2658 ita
358 2627 412 2674 ex
440 2609 565 2659 vultu
584 2612 706 2667 Tuo,
738 2607 1037 2728 ognibusqoe
1054 2612 1171 2660 Tuis
1200 2623 1247 2660 et
1279 2611 1413 2662 distis
1446 2621 1495 2658 et

810 2691 837 2740 q
871 2691 904 2737 5
1356 2677 1498 2737 fastis,

33 2834 64 2921 ξ
