1682 3068
151 117 250 166 230
454 116 736 151 'vmmcnm
768 98 1032 154 'Annnnn
1077 107 1256 156 mvnvs

154 241 256 273 curn
275 226 480 288 Spencero
509 225 746 275 descendet
773 245 850 288 eo,
887 240 938 278 vt
962 248 1033 277 eas
1066 233 1217 278 Deum
1243 232 1457 289 inuitum,
1506 242 1551 280 et

150 310 237 358 per
258 291 476 357 quandam
498 292 882 361 συγκατοίβασιν,
913 296 1140 345 instituisse
1165 299 1394 362 opinetur:
1430 300 1551 363 quod

156 378 278 416 eum,
322 377 415 407 non
447 364 565 410 malo
595 362 714 410 forte
741 363 946 421 consilio,
990 365 1176 430 operose
1202 363 1551 424 demonstratum

154 427 279 475 inisse
309 427 502 475 constat:
549 440 745 496 ceterum
772 449 891 480 arma
921 432 1438 496 ministrauitreligionis
1469 443 1554 499 pe‘r

154 495 334 543 diuinos
373 495 508 544 libros
543 496 723 546 traditae
756 499 1003 548 aduersariis
1032 502 1237 556 nouitiis‚
1305 501 1467 566 quibus
1497 498 1554 548 ad

157 562 506 628 oppugnandam
524 568 755 613 veritatem
778 567 971 615 diuinam
999 567 1313 616 abuterentur:
1359 585 1444 615 nec
1476 567 1555 615 de·

153 634 298 695 nique
315 647 420 679 cum
441 632 509 679 his
530 629 789 682 offendetur
808 635 879 682 illa
899 636 1020 698 lege,
1059 653 1246 700 eamque
1277 635 1331 682 ad
1351 647 1554 684 contem—

152 710 252 746 tum
272 699 498 762 religionis
517 699 718 748 Iudaicae
742 712 788 748 et
817 701 1035 751 librorum
1060 704 1362 751 Mosaicorum
1391 703 1554 751 trahet.

152 765 241 814 Sed
259 767 305 812 in
325 768 408 814 hac
423 767 526 828 lege
542 767 768 816 sancienda
789 772 900 818 nihil
929 769 1073 818 fecisse
1092 775 1260 828 Deum,
1307 771 1429 836 quod
1447 770 1554 819 esset

153 835 209 882 ab
229 835 323 880 eius
345 836 438 881 iure
454 837 500 881 in
519 835 723 882 homines
747 837 963 893 alienum,
983 855 1008 884 e
1030 838 1243 905 superiori
1262 849 1386 904 parte
1407 838 1553 903 dispu-

154 903 339 950 tationis
358 903 646 964 intelligitur:
698 904 809 951 nihil
838 904 989 961 inesse,
1029 907 1151 971 quod
1182 922 1276 953 non
1306 907 1553 954 consentiat

153 970 389 1034 sapientiae
418 971 510 1016 eius
531 984 577 1017 et
605 969 889 1031 benignitati,
922 986 967 1020 et
994 990 1047 1019 ex
1077 973 1228 1021 eadem
1260 974 1333 1020 illa
1362 973 1554 1038 disputa-

153 1039 279 1084 tione
299 1037 486 1098 intelligi
506 1037 652 1102 potest
669 1038 722 1085 ab
741 1041 814 1096 iis,
856 1042 930 1105 qui
953 1041 1149 1088 vniuersa
1166 1039 1277 1088 dista
1296 1040 1349 1088 ad
1366 1058 1440 1087 res
1467 1039 1555 1087 sin-

153 1105 278 1166 gulas
306 1105 543 1153 transferre
572 1104 787 1169 didicere,
826 1118 873 1155 et
900 1105 1136 1156 distinflius
1161 1109 1292 1156 tertia
1319 1121 1447 1174 parte
1480 1109 1556 1156 de-

151 1169 481 1220 monstrabitur.
1493 1172 1500 1173 7

252 1249 329 1298 48.
384 1240 470 1287 Sed
497 1239 606 1287 haec
633 1242 705 1289 lex
739 1259 1006 1307 quamquam
1037 1252 1132 1291 tota
1159 1241 1222 1291 est
1249 1259 1331 1308 per
1357 1252 1554 1292 mortem

153 1305 312 1355 Christi
344 1305 504 1355 abolita
526 1310 677 1373 Coloff
691 1310 758 1366 II,
787 1326 859 1369 14.
899 1310 1036 1375 idque
1062 1311 1206 1375 ipsum
1235 1309 1552 1374 sapientissimis

155 1375 210 1421 de
231 1374 402 1432 cauffi8‚
436 1387 484 1423 vt
505 1374 790 1424 docebimus:
835 1389 984 1424 tamen
1005 1379 1172 1442 placuit
1190 1381 1291 1425 Deo
1306 1414 1316 1433 ,
1356 1379 1487 1425 etiam
1508 1381 1554 1425 in

153 1446 215 1492 N.
236 1443 284 1490 Ίῖ
303 1446 503 1507 religione
522 1442 750 1492 instituere
769 1446 981 1508 quaedam
1003 1447 1267 1501 voluntaria,
1288 1446 1448 1509 quibus
1469 1444 1556 1493 ser-

154 1510 308 1557 vandis
328 1509 525 1558 adstrifiia
545 1510 653 1558 esset
673 1512 821 1559 salutis
842 1513 1178 1576 consequendae
1205 1515 1330 1560 rati0.
1409 1516 1459 1559 In
1496 1513 1553 1558 iis

151 1580 327 1644 primus
349 1582 542 1625 o'ccurrit
562 1580 812 1642 Baptismus
831 1583 1021 1633 Ioannis,
1053 1578 1212 1625 deinde
1233 1580 1399 1642 Christi.
1429 1582 1553 1626 Nam

154 1650 366 1692 Ioannem
388 1662 480 1691 non
503 1647 752 1693 imitatione
773 1645 956 1709 quadam
981 1647 1259 1698 cerimoniae,
1295 1646 1465 1694 dudum
1485 1647 1552 1692 in-

154 1710 330 1759 stitutae
357 1714 404 1759 in
424 1711 656 1775 Proselytis
681 1713 922 1771 initiandis,
969 1710 1194 1759 instituisse
1224 1712 1442 1778 baptismo
1474 1715 1553 1769 vti,

155 1778 359 1827 dubitare
379 1796 461 1826 nos
484 1796 576 1827 non
595 1777 741 1826 sinunt
759 1781 909 1826 literae
929 1779 1088 1838 sacrae,
1122 1797 1233 1844 quae
1254 1797 1349 1828 rem
1369 1775 1552 1828 omnem

83 1866 86 1868 ·
154 1866 179 1895 a
201 1851 286 1893 Dei
306 1845 415 1894 iussu
433 1856 668 1912 repetunt,
707 1846 852 1895 Ioann.
873 1851 914 1900 J,
939 1864 1012 1905 33.
1106 1851 1157 1895 In
1178 1850 1272 1894 eius
1299 1859 1446 1895 autem
1478 1847 1552 1895 ba·

153 1914 319 1981 ptismo
340 1914 614 1979 suscipiendo
624 1916 796 1962 veniam
809 1925 1094 1979 peccatorum
1117 1926 1249 1980 atque
1270 1916 1392 1981 spem
1405 1915 1557 1980 salutis.

154 1981 430 2047 propositam
457 1979 601 2037 fuisse,
639 1981 854 2046 idipsum
886 1982 1077 2043 intelligi
1106 1981 1255 2048 potest
1271 1994 1319 2030 et
1344 2000 1371 2030 e
1388 1981 1552 2049 prosesss

153 2051 277 2100 sione
292 2052 473 2097 Ioannis
503 2066 555 2096 ac
585 2048 824 2114 disciplina,
865 2062 910 2097 et
935 2068 985 2096 ex
1005 2067 1081 2104 eo,
1124 2049 1252 2115 quod
1280 2052 1396 2098 hanc
1426 2051 1553 2115 spem

154 2128 292 2179 negat
310 2118 537 2183 pertinere
553 2115 606 2162 ad
628 2118 905 2182 hypocritas,
939 2119 979 2164 h.
1004 2133 1039 2164 e.
1059 2134 1160 2174 eos,
1194 2120 1242 2164 in
1260 2116 1420 2183 quibus
1452 2122 1551 2166 non

155 2184 298 2232 essent
319 2202 421 2232 vera
448 2182 659 2248 μετάνοια
689 2194 735 2231 et
760 2183 889 2241 fides,
932 2186 1089 2231 matth.
1111 2188 1208 2242 III,
1235 2201 1281 2244 7.
1309 2187 1396 2235 coll.
1430 2201 1473 2232 2.
1507 2193 1550 2231 6.

156 2257 287 2308 Quae
304 2270 375 2299 res
395 2253 526 2299 nobis
548 2251 652 2298 dant
671 2253 824 2299 locum
845 2251 1094 2315 disputandi
1113 2252 1359 2317 quaedam}
1384 2253 1458 2300 vel
1478 2251 1552 2300 ad-

152 2319 439 2367 monendi‘de
455 2321 655 2382 baptifini
675 2320 919 2383 Proselytici
945 2323 1102 2384 origine
1129 2330 1176 2367 et
1190 2319 1550 2387 loco'Apvflolico-

151 2406 248 2436 rum
267 2388 475 2436 Afiorum
495 2388 638 2443 XIX,
660 2404 702 2441 4.
729 2386 782 2434 ad
803 2389 979 2433 Ioannis
1000 2387 1267 2451 baptismum
1283 2390 1549 2452 pertinente,

152 2453 278 2501 valde
297 2455 378 2501 illo
404 2456 703 2518 interpretum
734 2452 1060 2501 dissensionibus
1086 2457 1316 2515 exagitato.

260 2538 338 2580 49.
375 2525 447 2568 De
465 2523 787 2584 Profilytorum
807 2522 1007 2585 baptismo
1031 2538 1141 2584 quae
1164 2522 1375 2586 disputata
1393 2521 1493 2567 sunt
1516 2537 1550 2565 a

156 2584 407 2637 dofflssimis
425 2589 527 2637 viris
547 2590 593 2636 in
614 2598 850 2656 vti-amque
867 2601 1063 2655 partem,
1105 2607 1155 2637 ea
1175 2606 1268 2638 non
1296 2585 1551 2703 neoeffehest

1493 2671 1550 2704 00
