1682 3068
197 156 298 206 106
778 150 1019 202 'A‘wrx

195 298 302 331 nem
331 282 376 326 in
399 278 618 338 Liturgia‚
655 283 706 324 vt
723 292 880 324 eorum
913 276 1117 342 exemplo
1146 273 1409 323 incendatur
1437 276 1589 341 pietas.

145 404 151 409 ,
197 355 352 412 Atque
371 346 461 392 huc
483 347 711 408 pertinent
729 361 797 399 ea,
830 363 940 410 quae
962 363 1003 410 p.
1027 351 1132 403 263.
1153 361 1177 389 e
1197 344 1432 392 latinarum
1449 347 1592 394 Litur·

198 420 373 480 giarum
390 411 658 459 carminibus
682 409 930 460 testimonia
946 412 1248 477 proferuntur.
1284 414 1440 476 Itaque
1461 415 1588 463 intel-

195 481 426 544 ligendum
447 479 544 539 effe,
579 497 731 543 preces
752 478 848 527 fieri
865 491 1038 527 tantum
1058 497 1141 544 pro
1163 477 1365 526 fidelibus
1384 483 1470 527 vita
1489 482 1590 530 fun-

196 551 302 606 ίὶίς,
349 551 420 614 qui
446 548 643 594 nondum
668 549 713 593 in
743 549 917 595 coelum
939 559 1073 611 atque
1103 549 1149 594 in
1170 548 1356 594 chorum
1378 549 1592 599 coelitum

195 618 281 666 fint
300 624 325 666 a'
344 621 442 663 Deo
464 618 640 680 recepti.
711 619 794 662 Pro
816 617 883 662 his
903 626 1049 662 autem
1066 632 1221 679 preces
1244 613 1337 662 fieri
1358 617 1523 673 solitas,
1544 630 1592 667 et

195 687 499 740 Liturqiarum
531 686 733 730 omniurn
763 682 1047 741 testimoniis,
1083 697 1131 730 et
1149 686 1188 730 S.
1214 686 1253 729 S.
1275 687 1453 732 Patrum
1478 689 1591 734 anti-

191 753 502 820 quiffimorum
523 750 781 798 au80rit2te
798 750 973 799 firmari.
1051 755 1167 807 Iam,
1209 751 1332 815 quod
1352 751 1404 799 ad
1426 752 1593 818 suppli-

198 825 401 869 catiOnes'
426 817 577 867 sanffls
606 818 701 866 fieri
731 817 877 865 solitas
896 821 1074 875 attinet,
1112 836 1183 866 eas
1212 829 1345 879 negat
1367 823 1594 884 pertinere

196 908 275 946 eo,
329 899 376 934 vt
403 890 486 933 Dei
520 884 746 939 maiestati,
801 896 876 933 aut
907 886 1060 933 Christi
1101 886 1296 947 dignitati
1323 890 1398 934 fiat
1425 891 1593 938 iniuria.

194 961 321 1005 Nam
343 972 427 1001 nec
445 955 498 1004 ab
519 954 616 1018 ipsis
638 951 850 1000 beneficia
869 955 979 1017 peti,
1019 971 1105 1001 nec
1133 955 1179 1000 in
1197 955 1247 1000 iis
1277 955 1398 1018 spem
1428 955 1594 1004 benefi-

196 1027 368 1072 ciorum
390 1021 771 1087 impetrandorum
784 1023 1003 1078 collocari,
1035 1038 1228 1086 quorum
1248 1022 1356 1068 illud
1370 1027 1470 1070 Deo
1488 1042 1594 1088 pro-

193 1095 345 1160 prium
369 1088 473 1145 effe,
494 1092 581 1136 hoc
602 1087 797 1136 Christo:
835 1107 987 1136 verum
1009 1100 1056 1136 vt
1075 1090 1180 1136 vtile
1202 1088 1264 1147 fit,
1285 1091 1355 1137 vel
1374 1089 1429 1137 de
1449 1089 1595 1140 nostra

193 1159 554 1211 Lutheranorum
577 1156 867 1211 confeffione,
887 1156 1200 1204 commendare
1218 1158 1260 1205 se
1274 1157 1480 1222 precibus
1501 1162 1597 1225 pio·

194 1245 322 1283 rum,
363 1225 469 1273 dum
493 1224 577 1272 fint
598 1229 642 1272 in
662 1226 796 1281 viuis,
843 1225 900 1271 ita
928 1226 1042 1273 nihil
1069 1224 1285 1289 impedire
1314 1236 1459 1288 putat,
1502 1245 1596 1293 quo

195 1298 353 1344 :minus
377 1311 460 1340 nos
493 1294 696 1358 precibus
726 1303 1029 1349 mortuorum,
1074 1295 1151 1357 qui
1175 1295 1221 1342 in
1251 1294 1381 1341 coelo
1408 1292 1511 1349 sint,
1548 1306 1600 1343 et

194 1361 314 1429 apud
337 1366 484 1407 Deum
508 1360 706 1420 gratiosi,
727 1359 1109 1407 commendemus.
1180 1359 1263 1406 Sed
1284 1372 1465 1425 vtraque
1485 1362 1597 1410 haec

121 1469 132 1488 ‚
194 1433 329 1486 ratio,
364 1445 631 1493 quamquam
652 1426 876 1474 moderata
897 1437 942 1474 et
958 1428 1087 1486 lenis,
1120 1437 1271 1475 tamen
1290 1431 1474 1476 maxima
1492 1431 1597 1478 vitia

194 1497 354 1546 habet:
389 1513 501 1558 quae
522 1512 601 1556 age
622 1496 815 1542 breuiter
834 1497 1093 1558 aperiemus,
1328 1508 1348 1524 ²

296 1571 364 1611 Ac
387 1563 497 1610 illud
517 1563 696 1626 quidem
716 1565 757 1608 ei
779 1561 955 1616 demus,
988 1564 1110 1625 quod
1133 1563 1215 1616 ait,
1256 1578 1339 1626 pro
1359 1562 1596 1613 coelitibus

195 1633 548 1697 supplicationes
572 1646 799 1694 nunquam
820 1626 948 1675 fatias
972 1629 1065 1683 effe,
1098 1628 1218 1693 quod
1243 1632 1371 1676 etiam
1390 1649 1596 1694 pugnare

195 1701 490 1752 Renaldotium
514 1698 662 1753 video,
684 1700 729 1744 in
751 1698 868 1742 notis
889 1695 940 1742 ad
962 1699 1206 1757 Litur'giam
1222 1697 1411 1760 ‘Nestorii
1425 1716 1469 1763 p.
1484 1704 1543 1759 64
1552 1715 1594 1762 ς,

192 1773 348 1818 'nixum
377 1766 471 1812 satis
502 1765 662 1813 diser-to
681 1764 910 1831 Augustini
934 1761 1205 1811 testimonio:
1251 1782 1517 1829 quamquam
1548 1778 1597 1815 et

195 1835 460 1885 Nestoriana
480 1834 551 1880 illa
563 1835 774 1892 Liturgia‚
806 1841 852 1876 et
873 1833 1054 1878 aliorum
1068 1833 1178 1888 loca,
1211 1831 1419 1880 videntur
1439 1834 1594 1882 aduer-

195 1905 300 1960 sari,
331 1913 567 1968 propterea
589 1900 725 1965 quod,
756 1897 786 1945 fi
808 1898 915 1962 quid
936 1899 1152 1946 eiusmodi
1174 1902 1220 1944 in
1240 1902 1445 1962 Liturgiis
1466 1919 1597 1968 repe-

195 1975 333 2026 ritur,
366 1971 529 2034 pariter
549 1969 797 2032 eodemque
819 1965 956 2012 modo
978 1968 1178 2031 explicari
1197 1965 1361 2030 potest,
1381 1987 1472 2032 quo
1494 1970 1594 2034 sup-

195 2041 462 2106 plicationes
485 2055 568 2102 pro
589 2038 744 2083 ceteris
764 2033 961 2082 fidelium
981 2040 1267 2083 mortuorum
1288 2036 1598 2098 intelligendas

179 2107 476 2156 edocebimus,
573 2108 620 2150 In
643 2105 780 2151 altero
802 2113 948 2148 autem
984 2106 1143 2167 capite,
1184 2101 1241 2147 de
1270 2103 1474 2166 precibus
1508 2123 1596 2171 pro

196 2174 405 2224 fidelibus
427 2174 513 2220 vita
530 2170 710 2228 funffls,
748 2171 907 2217 vitium
935 2186 1227 2234 permagnum
1249 2170 1340 2217 hoe
1358 2169 1440 2227 est,
1474 2172 1598 2236 quod

197 2260 295 2291 non
315 2241 503 2287 firmauit
523 2241 813 2301 Liturgiarum
831 2247 877 2282 et
899 2240 1075 2285 Patrum
1097 2237 1355 2286 testimoniis
1377 2238 1442 2292 id,
1471 2239 1597 2303 quod

198 2312 393 2358 maxime
423 2309 658 2370 quaeritur.
756 2306 934 2352 Etenim
962 2304 1093 2352 nostri
1114 2305 1183 2354 vbi
1215 2323 1318 2353 cum
1341 2306 1595 2368 Theologis

199 2378 411 2424 Romanis
433 2374 487 2421 de
507 2375 597 2422 hoc
613 2392 778 2435 genere
794 2389 979 2436 precum
1005 2373 1262 2438 disputant„
1293 2385 1514 2439 quaerunt
1541 2374 1597 2421 de

196 2443 410 2510 precibus
432 2444 510 2503 iis,
554 2461 666 2508 quae
694 2439 866 2507 prosint
893 2442 1075 2488 mortuis
1096 2444 1213 2489 hanc
1239 2443 1286 2487 in
1310 2453 1507 2507 partem,
1547 2453 1597 2489 vt

202 2529 282 2558 eos
313 2512 503 2557 liberent
529 2529 554 2557 a
580 2511 828 2574 purgatorii
856 2509 967 2570 ignis
996 2510 1258 2557 cruciatibus
1285 2525 1336 2555 ac
1361 2509 1597 2573 suppliciis,

199 2577 476 2643 impetranda
497 2595 652 2625 eorum
668 2587 954 2642 peccatorum
975 2580 1120 2635 venia,
1142 2594 1257 2642 quae
1275 2580 1320 2624 in
1341 2576 1414 2624 illa
1434 2580 1598 2642 Vtopia

201 2647 328 2694 luere
347 2645 579 2692 dicuntur:
626 2647 703 2693 has
723 2644 811 2693 {ine
831 2641 1115 2704 auctoritate,
1158 2647 1300 2695 immo
1317 2655 1421 2694 vero
1443 2656 1597 2692 contra

1471 2730 1595 2778 prae-
