1682 3068
522 181 538 208 τ
577 198 622 206 ,-
670 182 959 215 multum
1136 189 1152 205 ι
1417 171 1517 225 375

99 293 207 340 tiam
234 302 284 338 et
309 289 565 354 patientiam
581 284 800 347 fatigaret.
869 291 934 334 Ex
955 288 1044 335 hae
1061 294 1183 334 tanta
1195 284 1326 334 'mole
1345 284 1509 334 verbo‘-

99 377 201 406 rum
220 370 267 405 et
284 357 595 406 sententiarum
613 359 846 402 materiam
867 355 1061 416 deligere
1085 354 1263 411 bonam,
1283 354 1325 402 h.
1338 371 1375 400 e.
1387 368 1504 417 quae

98 429 147 473 in
169 427 402 493 scripturis
437 435 537 472 nata
563 421 629 478 fit,
656 440 756 471 eam
786 421 1015 470 elaborare
1042 425 1247 483 ingenio,
1281 432 1329 469 vt
1360 432 1407 468 et
1426 419 1506 470 doss

99 495 216 541 eenti
247 505 294 540 et
315 492 501 538 *discenti
530 501 631 556 apta
662 489 759 545 fiat,
795 490 989 553 denique
1017 487 1181 538 ordine
1206 490 1500 558 compingere

97 572 146 608 et
173 559 336 607 struere
349 562 516 624 perite,
549 570 598 606 vt
623 575 720 622 pars
752 574 956 623 quaeque
984 558 1037 605 ab
1064 559 1198 605 altera
1226 559 1501 606 luculentam

95 627 346 676 firmitatem
363 629 558 691 accipiat,
588 625 633 672 id
653 643 760 673 vero
781 643 868 672 nec
887 628 1012 691 parui
1032 627 1199 686 ingenii
1217 625 1289 681 est,
1311 642 1395 672 nec
1413 626 1501 673 exi-

46 740 49 742 .
96 712 212 757 guae
238 696 500 757 diligentiae.
569 696 815 741 Enimuero
845 695 888 752 ii,
919 695 998 756 qui
1033 693 1238 755 praesunt
1273 691 1500 741 dostrinae

92 763 303 828 publicae,
332 773 632 826 exercentque
652 762 821 809 scholas
842 759 1105 808 erudiendae
1125 763 1383 817 iuuentutis,
1417 757 1500 807 Ecss

94 828 243 889 gbfiae
261 829 497 893 aliquando
514 828 811 894 praefuturae,
847 830 939 876 hoc
964 832 1159 894 primum
1189 839 1235 874 et
1257 831 1498 876 maximum

46 949 48 952 ,
68 944 74 950 ,Α
91 909 258 947 munus
279 895 503 953 sustinent,
534 907 583 944 vt
613 899 824 945 notiones
849 907 1000 944 rerum
1020 896 1271 943 diuinarum
1293 897 1428 942 claras
1448 905 1501 942 et

89 965 351 1041 perspicua,
386 983 412 1012 e
427 967 667 1029 Scripturis
686 978 803 1012 certa
832 966 1107 1029 minimeque
1137 964 1339 1025 ambigua
1361 965 1495 1010 ratio-

90 1049 150 1079 ne
174 1035 255 1097 ῥει-
285 1046 399 1081 artes
430 1032 754 1096 interpretandi
785 1031 947 1087 dustas,
980 1032 1168 1089 tradant,
1204 1031 1362 1096 quibus
1395 1048 1495 1094 per·

90 1103 230 1163 ceptis
249 1098 424 1148 studiofi
441 1101 696 1164 disciplinae
715 1100 815 1148 suae
835 1111 882 1147 et
902 1097 981 1164 ipfi
1000 1117 1072 1146 res
1095 1117 1298 1164 quasque
1314 1102 1359 1145 in
1379 1098 1495 1146 clara

89 1167 191 1215 luce
218 1166 381 1232 pofitas
415 1180 724 1223 contueantur,
759 1179 977 1231 quantum
997 1166 1096 1215 finit
1124 1170 1345 1215 humanae
1367 1166 1495 1213 mena

22 1272 26 1275 v
90 1237 148 1283 tis
168 1247 336 1291 natura,
370 1253 534 1299 easque
556 1235 715 1282 deinde
742 1237 835 1282 aliis
867 1236 1098 1301 perspicue
1126 1248 1172 1282 et
1199 1237 1258 1283 ad
1274 1238 1492 1296 cuiusque

79 1313 271 1367 ‚aptum
309 1302 649 1355 accommodate
686 1302 851 1368 poffint
888 1303 1073 1350 tradere.
1153 1307 1273 1350 Nam
1311 1320 1392 1367 per
1417 1318 1494 1349 eas

44 1402 74 1410 ,ι
87 1371 313 1433 ωᾲρίιιηε
330 1369 444 1435 quafi
465 1371 636 1417 clauem
652 1370 876 1434 quandam
898 1373 1160 1434 Scripturae‚
1195 1389 1282 1435 qua
1299 1371 1495 1417 reserare

77 1434 235 1494 ‘abdita
264 1449 527 1503 troporum,
563 1437 828 1498 figurarum,
871 1438 1181 1499 allegoriarum
1210 1437 1391 1503 poffint.
1435 1433 1497 1483 a&

86 1503 373 1554 reuehndam
417 1506 622 1553 sensuum
661 1505 740 1552 sub
777 1507 831 1552 iis
882 1506 1115 1553 latentium
1151 1505 1493 1569 simplicitatem,

86 1574 365 1636 omninoque
385 1572 727 1621 instrumentum
757 1572 967 1633 ambigua
986 1586 1033 1621 et
1049 1573 1198 1620 fimiria
1218 1571 1491 1634 distinguen-

87 1639 144 1707 di,
174 1651 223 1688 et
251 1651 350 1688 tum
381 1643 584 1706 propria,
615 1650 717 1688 tum
744 1642 984 1705 impropria
1013 1641 1067 1688 ad
1094 1658 1338 1688 commune
1369 1638 1493 1704 quast

79 1719 221 1773 eaput
234 1707 491 1764 reuocandi,
528 1725 587 1755 ne
606 1725 678 1755 res
698 1707 880 1756 eaedem
900 1711 1019 1755 inani
1039 1708 1293 1756 diuerfimtis
1313 1710 1491 1773 opinio-

86 1792 147 1826 ne
164 1773 459 1824 distrahantur
479 1779 523 1823 in
544 1775 750 1830 diuersas.
805 1779 865 1823 Ea
885 1788 1030 1824 autem
1052 1779 1126 1840 qui
1147 1778 1272 1824 clane
1290 1787 1485 1833 careant,

0 1846 1 1850 ’
83 1840 296 1909 profetia)
318 1861 414 1892 non
433 1842 596 1908 poffint
615 1847 663 1892 in
691 1845 865 1908 populo
886 1845 1132 1892 erudiendo
1152 1858 1360 1892 accurate
1386 1845 1490 1893 ἠὼ

82 1922 219 1974 atque
242 1912 409 1958 vtiliter
437 1912 613 1958 versari.
679 1913 860 1958 Etenim
890 1915 938 1959 in
964 1930 1014 1959 ea
1042 1930 1093 1958 re
1118 1929 1168 1959 ac
1187 1929 1386 1967 munere,
1416 1910 1487 1959 'ni‘-

83 1977 154 2025 hil
169 1988 260 2023 tam
280 1975 565 2024 necessarium
585 1975 656 2034 est,
690 1996 825 2042 quam
844 1982 994 2026 omnia
1012 1978 1167 2037 verbis,
1198 1998 1329 2044 quarn
1350 1981 1487 2026 maxi-

83 2060 165 2092 me
179 2045 372 2108 propriis
390 2048 438 2091 in
458 2062 524 2100 eo,
553 2062 646 2109 quo
664 2048 808 2102 naria,
842 2044 1054 2101 sermone,
1090 2049 1231 2112 planis
1251 2058 1299 2095 et
1316 2046 1483 2112 perspi-

83 2113 181 2159 cuis
205 2109 329 2176 poffe
354 2114 619 2178 exprimere,
648 2115 845 2167 remotis,
875 2127 1092 2179 quantum
1123 2112 1290 2179 potest,
1324 2125 1482 2177 tropo-

81 2195 185 2226 rum
212 2193 259 2226 et
281 2178 526 2241 figurarum
562 2179 760 2236 vmbris3
796 2183 846 2227 in
883 2183 1041 2246 quibus
1067 2183 1237 2246 semper
1267 2182 1481 2246 populus,

78 2263 177 2294 non
197 2248 348 2306 modo,
381 2266 516 2313 quem
534 2248 671 2310 vulgo
688 2249 968 2314 appeninum,
1000 2250 1075 2296 sed
1094 2252 1230 2297 etiarn
1248 2250 1367 2306 alius,
1398 2249 1483 2312 qui

78 2314 135 2364 fe,
147 2314 230 2361 illo
246 2315 352 2362 loco
367 2317 534 2363 censeri
551 2333 648 2363 non
665 2315 772 2370 vult,
807 2318 932 2364 velut
952 2321 997 2364 in
1015 2317 1137 2364 visco·
1153 2310 1359 2382 quodam,
1384 2316 1479 2362 sen-

79 2380 193 2429 {ibus
211 2393 260 2430 et
279 2381 509 2448 'phantafia
533 2383 808 2438 adhaerescit,
840 2397 887 2432 et
906 2402 989 2443 pro
1009 2385 1141 2432 rebus
1172 2382 1478 2449 inadspestabi-

78 2449 211 2507 libuit,
240 2467 389 2498 rerum
410 2468 728 2516 corporearum
745 2461 791 2498 et
811 2448 1071 2500 sensibilium
1091 2454 1242 2499 inanes
1261 2453 1477 2512 imagines

76 2517 309 2583 aptando,
345 2517 581 2566 deluditur.
646 2524 703 2567 In
721 2535 814 2583 quo
833 2519 862 2566 fi
881 2520 975 2567 vsus
994 2533 1040 2568 et
1058 2523 1329 2584 experientia
1349 2517 1479 2574 defit,

80 2587 335 2649 scripturae
355 2586 471 2651 ipsae
490 2585 819 2652 Apostolorum,
854 2590 1055 2654 inprimis
1074 2589 1300 2644 IohanniS,
1331 2603 1477 2633 exem-

80 2651 312 2718 plamulta
331 2665 378 2702 et
398 2656 629 2704 luculenta
644 2655 901 2723 praebeant.
967 2660 1136 2722 Neque
1154 2659 1277 2706 enim
1301 2657 1386 2703 alia
1406 2670 1478 2720 ree

100 2726 114 2745 ·“
164 2735 191 2753 ‘¹
729 2729 804 2773 Aa
835 2742 869 2786 4
1302 2721 1478 2771 Iudaeis
