1682 3068
358 169 430 200 υτ
461 166 757 207 nemimem:
794 165 1207 198 consur-vanna
1409 158 1514 210 277

107 286 309 332 mentem
329 273 691 334 hominis'longe
716 275 862 320 maior
878 270 943 320 est
960 273 1152 320 cuiusuis
1174 270 1287 319 alius
1319 269 1518 318 veritatis

107 349 172 395 vi:
214 360 363 408 neque
378 343 500 390 enim
526 338 672 406 posset
689 341 869 387 vincere
889 341 959 387 vel
988 339 1191 388 tenebras
1211 339 1394 392 mentia,
1439 337 1512 384 vel

106 414 315 462 duritiem
327 411 503 457 ‘animiz
542 421 696 465 tamen
724 424 749 453 a
768 409 965 455 veritatis
993 419 1149 456 natura
1176 418 1222 454 et
1248 407 1534 460 rationeita·

106 481 243 529 veluti
259 486 558 542 temperatur,
593 487 643 523 vt
658 473 770 523 absit
792 492 815 522 a
836 472 1089 531 coaffione,
1116 476 1399 539 retineatque
1417 473 1510 520 ani·

104 564 231 606 mus,
257 561 362 592 cum
390 547 430 591 ei
449 542 594 602 cedit,
622 542 741 590 suam
760 543 1028 590 libertatem.
1071 547 1200 599 Quae
1219 559 1289 589 res
1309 544 1508 606 primum

102 612 314 674 estdigna
331 612 541 669 homine,
571 613 698 658 cuius
718 621 901 666 natura,
930 627 1017 674 qua
1036 627 1130 657 non
1150 608 1214 656 est
1230 609 1406 668 vitiosa,
1434 606 1509 656 sed
1587 643 1597 648 -

17 693 50 711 ·’
101 680 250 729 smulis
278 680 478 736 diuinae,
526 675 648 726 reste
672 679 979 726 conseruatur:
1032 676 1194 724 deinde
1216 680 1342 734 Deo,
1380 679 1509 724 Patre

103 760 152 799 et
169 749 375 796 Domino
396 748 572 808 generis
603 747 808 805 humani,
849 744 1103 810 eodemque
1129 742 1279 792 sanao
1308 754 1354 792 et
1383 741 1508 799 iusto,

13 809 19 812 ’
98 818 177 865 cui
196 817 395 882 primum
411 832 515 862 vera
537 813 789 863 obedientia
807 812 1017 867 debetur,
1054 830 1164 877 quae
1183 811 1270 859 esse
1290 828 1385 859 non
1406 823 1506 877 pot-

100 881 174 939 est,
208 881 284 930 nisi
303 881 440 930 libera
458 881 509 930 fit
518 904 532 938 3
566 883 645 947 qui
662 880 826 930 deinde
847 882 1037 946 praemia
1054 892 1185 936 tanta,
1216 890 1383 944 quanta
1394 897 1504 944 pro-

99 949 215 999 misit
226 950 484 1005 liberaliter,
524 951 676 998 virtuti
694 946 951 998 necessariae
968 960 1017 996 et
1033 949 1317 996 mechanicae
1342 949 1502 1013 imper-

99 1021 186 1067 tire
206 1020 336 1066 nuilo
357 1017 497 1065 modo
518 1016 660 1083 poffit.

202 1097 277 1149 89·
317 1083 435 1134 Illud
460 1086 626 1152 ipsum,
664 1083 788 1151 quod
815 1086 932 1134 hanc
956 1101 1090 1133 vnam
1119 1094 1166 1132 et
1191 1093 1332 1131 ratam
1354 1082 1503 1145 legem

98 1153 203 1205 fidei
225 1165 271 1202 et
289 1151 525 1202 sanffltatis
544 1171 569 1200 a
594 1153 637 1200 se
655 1153 920 1216 gignendae,
958 1164 1006 1201 et
1030 1152 1087 1200 ab
1115 1151 1376 1200 hominibus
1411 1151 1505 1215 spe-

99 1221 285 1277 randae,
326 1221 601 1285 quaerendae
620 1232 667 1268 et
693 1221 912 1287 parandae
931 1221 1057 1274 fecit,
1098 1230 1318 1286 quantum
1336 1217 1505 1268 benefi-

100 1291 159 1336 cii
176 1301 222 1336 et
240 1290 476 1353 sapientiae
506 1287 667 1336 habet?
716 1306 802 1336 nee
825 1288 963 1337 modo
991 1299 1255 1353 propterea,
1298 1285 1424 1351 quod
1455 1303 1505 1334 ea

100 1355 166 1403 est
190 1358 394 1404 omnium
421 1356 660 1403 hominum
686 1358 902 1418 ingeniis,
944 1356 1173 1411 fortunae,
1223 1353 1504 1420 temporibus

98 1423 295 1489 denique
311 1423 520 1472 omnibus
539 1435 662 1488 apta,
694 1422 767 1470 sed
783 1425 917 1471 etiam
930 1459 944 1482 ,
975 1434 1024 1470 et
1042 1423 1189 1470 multo
1209 1426 1362 1484 mag-is,
1380 1420 1506 1486 quod

102 1509 155 1540 ea
188 1508 282 1539 non
309 1488 408 1538 finit
433 1491 668 1539 hominum
699 1491 842 1557 spem,
884 1501 959 1538 aut
987 1491 1264 1540 voluntatem
1291 1493 1508 1538 incertam

97 1561 267 1622 vagari,
297 1558 370 1606 sed
389 1557 682 1615 demonstrat,
701 1577 793 1624 quo
812 1559 1011 1607 eundum
1032 1556 1108 1616 fit,
1144 1558 1252 1623 quid
1272 1557 1510 1619 agendum,

98 1643 187 1675 nec
204 1625 305 1674 finit
322 1644 468 1674 errare
486 1643 757 1692 quemquam
770 1662 782 1683 ,
825 1637 902 1674 aut
917 1625 1029 1674 fauit
1046 1628 1183 1692 spem.
1285 1628 1367 1675 Vis
1399 1641 1507 1672 con-

94 1696 233 1753 verti,
279 1693 335 1741 ad
351 1692 487 1742 fidem
504 1694 686 1750 adduci,
730 1692 985 1744 sanstificari
998 1697 1021 1742 ’ἓ
1088 1698 1168 1742 Ne
1187 1693 1326 1756 longe
1345 1710 1509 1759 quaere

97 1764 235 1819 viam,
265 1773 343 1810 aut
361 1764 528 1813 incerta
546 1764 622 1827 spe
641 1760 858 1827 exspdh,
887 1760 996 1810 dum
1014 1772 1066 1810 tu
1086 1764 1129 1810 vi
1149 1761 1295 1810 diuina
1314 1778 1503 1811 conuer-

98 1833 223 1885 tens,
253 1829 456 1885 eredere,
486 1841 536 1878 et
555 1829 810 1878 sanaificari
827 1828 971 1896 poffis.
1051 1835 1114 1879 Vt
1132 1831 1209 1894 qui
1229 1831 1368 1879 satiari
1387 1830 1502 1888 vult,

99 1898 178 1946 scit
193 1896 271 1946 {ibi
289 1896 439 1946 cibum
457 1896 748 1961 capiendum,
780 1909 829 1945 et
853 1897 908 1946 ad
930 1915 1034 1947 eum
1059 1897 1307 1965 parandum
1326 1899 1500 1946 sumen-

101 1965 298 2029 dumque
313 1965 513 2021 festinat;
543 1982 690 2029 neque
702 1967 749 2012 in
769 1983 826 2012 eo
847 1965 1037 2024 dubitat,
1068 1976 1145 2013 aut
1163 1983 1310 2014 errare
1331 1962 1498 2031 potest:

100 2031 161 2079 fic
179 2043 231 2079 tu
249 2032 377 2089 scito,
406 2032 542 2079 verbo
560 2033 716 2080 diuino
733 2029 857 2080 reae
873 2034 1041 2091 audito,
1071 2032 1201 2088 leae,
1234 2044 1280 2081 et
1297 2035 1502 2095 cogitato

101 2115 220 2165 opus
240 2097 345 2157 effe,
381 2099 503 2146 nulla
518 2101 599 2146 alia
615 2117 677 2148 re.
754 2099 916 2148 Audies
936 2118 1068 2163 ergo,
1113 2101 1235 2163 leges
1255 2113 1302 2148 et
1320 2101 1504 2148 medita-

100 2166 217 2222 bete
226 2166 340 2214 serio
362 2165 560 2215 verbum.
639 2170 697 2215 Et
717 2178 765 2215 vt
783 2168 858 2215 ille
873 2170 1068 2225 satiatur,
1111 2167 1170 2215 fic
1188 2180 1238 2215 tu
1264 2179 1500 2216 conuerte·

98 2237 184 2291 ris,
210 2235 365 2283 credes
386 2244 434 2281 et
451 2231 781 2284 sanffificabere.
884 2236 1004 2294 Quid
1023 2234 1171 2301 potest
1185 2233 1272 2282 esse
1290 2235 1500 2288 salubrius
1571 2231 1578 2239 ’

101 2304 190 2351 hac
218 2303 296 2350 tali
333 2301 621 2360 certitudine,
687 2314 765 2351 aut
790 2301 846 2350 ad
881 2302 1260 2368 tranquillandum
1300 2307 1500 2355 animum

100 2372 247 2436 aptius
259 2373 282 2416 ’ἒ
349 2367 422 2417 Est
449 2381 599 2418 autem
618 2370 844 2419 certitudo
874 2371 946 2418 illa
966 2381 1013 2418 et
1030 2370 1242 2418 securitas
1258 2372 1306 2418 in
1322 2374 1501 2435 agendo

100 2455 207 2486 cum
234 2441 280 2486 in
302 2438 425 2485 omni
451 2455 500 2484 re
526 2439 652 2499 graui
680 2436 903 2503 optabilis,
947 2449 1045 2486 tum
1071 2440 1260 2486 maxime
1286 2440 1333 2487 in
1361 2442 1501 2491 caussa

98 2506 247 2554 salutis
271 2503 466 2553 nostrae:
497 2521 582 2552 nec
598 2506 840 2571 quidquam
861 2508 998 2567 magis
1016 2509 1184 2553 cruciat
1202 2517 1251 2554 et
1269 2511 1391 2569 angit
1406 2514 1499 2559 ani-

99 2589 249 2632 mum,
290 2589 424 2638 quam
452 2590 557 2620 cum
581 2574 629 2619 in
649 2575 724 2620 tali
742 2590 792 2621 re
819 2575 1019 2621 incertus
1037 2591 1183 2622 errare
1202 2592 1253 2622 ac
1280 2577 1502 2642 trepidare

103 2645 299 2704 cogitur,
331 2657 420 2689 nec
438 2652 563 2691 certo
581 2639 683 2699 scit,
713 2657 802 2708 quo
823 2641 867 2689 se
887 2653 1160 2698 conuertere,
1190 2643 1300 2710 quid
1321 2656 1368 2692 et
1386 2662 1498 2709 quo·

828 2711 858 2757 S
898 2726 922 2768 3
999 2709 1010 2722 ⁸
1358 2712 1499 2761 modo
