1682 3068
405 179 463 208 m
500 164 810 223 gammone
850 156 1269 214 coins-ruvzmm
1442 168 1549 219 225·

114 285 272 353 ''quam
292 283 518 344 religionis
534 277 679 341 'caussa
697 279 854 339 sancita
874 277 957 325 est:
984 289 1133 343 tamen
1154 273 1367 340 haGenus
1383 274 1545 339 referri

139 355 193 402 ad
214 354 477 415 religionem
498 344 621 413 polle
650 344 861 400 videatur,
893 345 1016 409 quod
1049 343 1259 409 quicquid
1279 347 1400 391 Deus
1420 361 1544 409 prae·

141 425 255 488 cipit,
279 437 328 467 ac
353 427 487 482 vetat,
517 417 561 462 in
597 431 652 460 eo
675 414 745 459 vel
770 411 973 460 faciendo
993 413 1063 459 vel
1085 411 1265 459 vitando
1285 412 1445 477 religio
1467 409 1544 463 est.

140 497 292 554 Atque
313 506 336 535 a
356 485 525 541 Iudaeis·
544 480 720 547 quidem
751 483 874 527 omni
893 491 1115 544 tempore,
1149 490 1198 527 vt
1220 489 1386 527 ceteras
1408 479 1469 529 de.
1483 481 1544 527 ci-

140 559 305 613 borum
323 551 570 614 discrimine
590 549 726 611 lege3‚
757 547 811 594 ad
830 547 1094 608 religionem
1124 548 1320 601 relatam,
1351 541 1546 612 etvl'uper

143 645 190 675 ea
210 615 264 672 ab
278 617 514 686 Apostolie,
533 619 648 664 hanc
668 615 801 681 ipsam
823 613 882 663 ob
900 612 1101 664 caussam„
1125 613 1355 662 decretum
1375 613 1546 663 fastum

145 692 241 747 effe,
275 689 392 752 (ΑΕ.
409 684 537 747 XV)
563 686 659 732 satis
681 681 864 731 constat.
931 682 1018 730 Sed
1039 684 1250 743 quoniam
1273 695 1423 729 tamen
1443 679 1547 748 pro*-

142 766 359 827 prienon
375 755 568 820 pertinet
588 753 639 799 ad
659 753 937 813 religionem,
969 761 1016 796 et
1037 750 1122 802 Dei
1145 749 1322 795 colendi
1341 751 1547 807 modum,

142 845 227 882 nee
244 829 290 880 in
308 844 355 872 ea
374 821 543 886 aliquid
563 819 624 866 est
645 831 718 867 aut
737 819 1017 867 obscuritatis
1034 828 1110 864 aut
1130 814 1418 875 difficultatis,
1446 820 1547 883 plu·

121 938 124 943 .
142 888 269 950 rande»
289 911 339 941 ea
361 891 508 939 dicere
529 889 638 937 nihil
659 891 831 936 attinet.
1274 911 1277 914 -

247 1045 324 1091 42.
372 1029 632 1089 Sequuntur
668 1027 748 1071 duo
776 1025 830 1069 V.
860 1025 920 1070 T.
951 1023 1242 1076 Sacramenta,
1290 1020 1549 1088 Circumcfio

146 1096 400 1150 Abrahamo
420 1092 476 1140 fic
495 1102 742 1158 praecepta,
772 1100 819 1137 vt
838 1089 892 1136 ad
919 1106 1102 1136 omnem
1134 1091 1228 1136 eius
1247 1085 1554 1153 posteritatem

145 1173 491 1233 propagaretur,
522 1172 569 1207 et
597 1160 714 1223 Agni
739 1158 944 1222 Paftlzalis
973 1158 1180 1222 epulum,
1227 1173 1309 1221 per
1335 1157 1499 1211 Mosen
1529 1175 1554 1204 a

148 1239 278 1285 Deo,
320 1229 397 1277 sub
427 1230 588 1274 exitum
617 1227 912 1273 Israelitarum
940 1243 989 1272 ex
1017 1230 1257 1289 Aegypto),
1291 1220 1557 1284 institutum,

148 1303 234 1349 hac
252 1301 364 1358 lege,
395 1307 443 1342 vt
461 1313 510 1340 ea
533 1295 776 1341 cerimonia
805 1291 912 1338 esset
940 1304 1156 1358 perpetua
1182 1304 1227 1339 et
1254 1294 1556 1341 anniuersaria.

150 1373 200 1416 In
221 1377 412 1428 vtroque
433 1361 516 1408 effe
537 1373 708 1425 partem
726 1360 951 1419 religionis
968 1377 1168 1420 magnae,
1198 1377 1281 1406 nee
1299 1359 1388 1407 fine
1405 1361 1557 1408 salutis

154 1431 381 1500 dispendio
405 1428 716 1491 negligendae:
749 1426 818 1472 sed
838 1444 861 1473 a
880 1439 1004 1491 parte
1016 1430 1100 1473 Dei
1119 1428 1406 1490 voluntariae,
1424 1428 1480 1474 de
1501 1445 1559 1476 eo

154 1505 381 1556 neminem
402 1491 835 1544 arbitror'dubitare:
866 1512 1012 1558 neque
1033 1492 1103 1552 est,
1124 1494 1246 1557 quod
1267 1495 1382 1543 hanc
1396 1498 1442 1542 in
1464 1513 1562 1561 par-

154 1580 249 1617 tem
281 1565 580 1630 disputemus:
614 1574 661 1609 et
691 1561 863 1608 dicetur
892 1562 1053 1626 aliquid
1085 1563 1208 1619 infra,
1233 1564 1272 1626 §.
1292 1579 1372 1626 55.
1401 1565 1472 1612 sed
1501 1558 1567 1610 ne‘

153 1638 278 1685 hunc
296 1633 350 1680 cle
374 1632 664 1679 Sacramentis
685 1633 738 1677 V.
762 1632 819 1675 T.
842 1629 992 1677 locum
1014 1628 1102 1676 fine
1121 1631 1264 1694 aliqua
1283 1633 1380 1678 vtili
1397 1629 1561 1678 studio·

153 1705 207 1753 {is
234 1702 546 1750 obseruatione
577 1697 872 1752 dimittamus,
908 1714 1001 1759 age,
1034 1715 1125 1762 per·
1143 1698 1257 1744 hanc
1283 1698 1561 1749 occasionem

153 1771 392 1822 videamuS,
419 1785 475 1813 an
494 1764 658 1830 aliquid
680 1766 789 1812 lucis
809 1762 966 1812 afferre
986 1765 1195 1830 possimus
1214 1766 1319 1812 loco
1337 1768 1381 1812 in
1406 1763 1562 1815 The'o-

155 1840 275 1900 logia
308 1853 400 1883 non
426 1834 642 1895 ignobili,
675 1843 719 1879 et
741 1831 1120 1896 disputationibus
1151 1849 1201 1880 ac
1230 1831 1562 1883 distensionibus

157 1906 508 1964 Theologorum
530 1899 782 1947 nostrorum
802 1903 983 1960 agitato,
1003 1905 1050 1949 de
1073 1918 1118 1949 re
1135 1902 1292 1965 coelesti
1326 1905 1565 1962 (materiam

157 1974 296 2034 vulgo
320 1981 495 2023 vocant,
529 1969 745 2016 latinitate
766 1967 1026 2026 scholastica,
1062 1986 1156 2016 non
1176 1973 1399 2017 Romana:
1436 1973 1564 2019 cuius

157 2041 323 2088 inscitia
353 2049 400 2084 et
427 2037 517 2099 ipsa
546 2035 834 2098 conturbauit
862 2037 1130 2099 Theologos
1175 2039 1364 2100 multos)
1409 2041 1567 2087 Sacra·

158 2117 386 2157 mentorum
415 2102 466 2152 V
485 2106 534 2151 T.
554 2101 754 2149 lenenses
773 2103 952 2167 quidem
974 2106 1258 2164 Theologos,
1292 2104 1433 2162 video,
1470 2122 1567 2153 non

161 2174 401 2238 agnoscere
431 2174 476 2217 in
500 2175 552 2219 V.
579 2173 636 2217 T.
654 2187 751 2229 rem
778 2170 1037 2229 coelestem,
1070 2183 1118 2220 vt
1138 2175 1418 2228 Himmelium,
1455 2175 1568 2221 Ger-

161 2245 352 2296 bardum,
387 2239 623 2303 Musaeum,
657 2240 887 2294 Baier'um;
916 2257 1048 2304 quam
1079 2242 1353 2305 opinionem,
1386 2257 1478 2287 non
1503 2243 1567 2288 vi-

86 2363 94 2375 l
163 2311 267 2367 deo,
309 2306 541 2373 quomodo
570 2306 669 2354 satis
697 2307 942 2356 conciliare
971 2305 1127 2372 poffim
1160 2324 1265 2354 cum
1294 2325 1396 2356 vera
1422 2312 1571 2357 Sacra·

162 2379 306 2425 menti
327 2375 526 2428 notione,
557 2376 603 2420 in
625 2391 710 2438 qua
739 2376 979 2436 requiritur
998 2373 1202 2438 profesto
1223 2375 1366 2440 aliqua
1383 2378 1573 2424 coniun-

88 2444 92 2447 ’
164 2443 254 2493 stin
274 2446 335 2491 rei
360 2440 529 2488 visibilis
550 2458 653 2488 cum
674 2439 900 2490 beneficiis
921 2440 1181 2489 coelestibus
1201 2453 1248 2490 et
1268 2459 1373 2490 cum
1394 2444 1573 2505 religioa

163 2531 237 2570 ne,
271 2528 355 2558 nec
384 2508 474 2556 sine
505 2526 555 2556 ea
575 2514 921 2567 Sacramentum,
955 2509 1080 2574 quod
1106 2513 1290 2575 proprie
1318 2510 1505 2559 dicimus
1526 2515 1573 2559 in

165 2592 259 2629 arte
289 2597 337 2626 ac
365 2577 530 2633 schola,
563 2577 766 2638 intelligi,
797 2589 847 2624 vt
877 2579 1064 2642 opinor,
1107 2577 1266 2643 potest.
1336 2579 1422 2627 sed
1453 2582 1572 2626 viros

113 2706 117 2709 ,
169 2646 438 2696 dostiffi'mos
469 2648 515 2692 in
543 2644 866 2693 dubitationem
894 2645 1073 2694 adduxit
1100 2662 1197 2695 non
1225 2647 1322 2695 satis
1352 2645 1574 2695 intelleEla

232 2714 403 2779 Ernqsti
427 2713 577 2777 Opust.
604 2714 737 2762 ΊῚιεοΙ.
1060 2716 1094 2761 P
1237 2772 1240 2781 ἱ
1421 2718 1570 2761 Sacra·
