1682 3068
207 171 307 218 204
505 170 794 203 vxnmchz
835 171 1087 205 Anntrnn
1126 171 1309 205 mvrnt

205 275 508 343 temporibus,
543 277 758 325 aetatibus
779 277 993 344 denique,
1024 280 1159 328 alium
1180 276 1367 339 vifihm,
1397 278 1608 331 ficanimi

204 348 332 394 aliam
353 345 621 409 disciplinam
644 343 901 403 desiderent.
970 350 1124 412 Itaque
1145 348 1416 409 legislatores
1437 342 1605 414 ‘sapien-

205 414 351 462 tiffimi
370 413 459 460 hoc
476 412 748 477 speElarunt,
788 427 837 462 vt
857 432 905 462 ea
925 413 1143 462 sancirent
1164 425 1298 479 atque
1323 414 1606 477 instituerent
1670 415 1678 471 ἶ

204 484 251 530 in
274 483 454 529 ciuitate
475 483 664 546 quisque
682 480 777 538 sua,
817 499 930 546 quae
950 481 1088 530 essent
1107 485 1291 544 ingenio
1322 486 1467 545 gentis
1505 501 1605 548 pro·
1673 478 1682 531 i

201 552 305 616 prio
326 549 681 605 accommodata,
720 561 858 612 vtque
882 549 1070 614 propriis
1099 551 1360 615 quibusdam
1385 549 1605 609 institutiS,
1672 579 1682 603 .,

201 619 388 666 solerter
408 619 685 677 excogitatis,
724 619 927 664 homines
945 618 1015 664 vel
1032 617 1085 664 ad
1105 614 1303 666 officium
1322 618 1604 675 adducerent,
1624 630 1681 677 ..1

201 687 274 732 vel
295 689 341 732 in
354 682 502 732 officio
522 687 828 732 continerent:
849 698 896 731 et
917 694 962 732 vt
981 686 1169 749 quisque
1188 670 1442 735 ho‘fffacere
1450 689 1603 751 potuit

198 755 413 810 maxime,
451 756 510 800 ita
535 754 726 799 ‘maxime
758 753 954 817 prudens
984 754 1209 814 legislator
1236 752 1297 800 est
1327 753 1602 814 existimatus.

202 819 374 877 Quodsi
394 824 436 868 in
457 822 656 867 humanis
678 821 1004 879 legislatoribus
1024 823 1112 869 hoc
1130 838 1220 869 non
1241 821 1381 869 modo
1395 821 1602 869 concedi-

198 902 299 944 tur,
333 888 404 936 sed
425 891 558 935 etiam
580 886 853 952 exspeEiatur
868 905 918 934 ac
938 887 1198 951 postulatur,
1239 901 1287 937 vt
1305 890 1467 937 talibus
1485 887 1599 936 insti-

197 959 307 1004 tutis
325 973 378 1004 ac
397 956 565 1016 legibus·
591 956 819 1003 consulant
841 957 909 1002 vel
931 957 1152 1004 securitati
1179 958 1250 1004 vel
1275 958 1451 1004 vtilitati
1475 973 1599 1003 com-

195 1026 344 1072 muni:
372 1024 658 1084 intelligitur,
681 1025 825 1070 multo
848 1028 982 1084 magis
1006 1026 1094 1071 hoc
1112 1023 1297 1084 dignum
1319 1023 1403 1071 esse
1423 1025 1597 1071 summo

192 1103 240 1140 et
272 1094 504 1138 communi
545 1093 717 1152 generis
759 1093 940 1138 humani
985 1094 1256 1152 legislatore,
1320 1096 1507 1155 eiusque
1551 1101 1598 1138 et

192 1161 404 1226 sapientia
422 1171 468 1205 et
491 1157 695 1209 aduersus
715 1160 920 1206 homines
943 1159 1230 1221 benignitate.
1243 1170 1290 1206 vt
1317 1161 1362 1206 in
1382 1161 1598 1218 religione

193 1226 510 1275 constituenda
538 1244 631 1273 non
654 1227 788 1274 modo
819 1232 1072 1275 communis
1101 1238 1283 1274 naturae
1307 1227 1595 1274 conditionis·
1674 1222 1682 1267 i

189 1313 283 1361 que
311 1296 531 1342 humanae
547 1297 766 1342 rationem
791 1293 946 1348 ducat,
988 1294 1062 1342 sed
1087 1297 1221 1342 etiam
1249 1297 1476 1359 propriae,
1525 1293 1595 1342 vel

190 1365 403 1425 gentici,
440 1379 571 1425 quam
595 1378 695 1409 vere
715 1362 934 1423 religione
953 1361 1164 1409 tradenda
1193 1363 1343 1417 beare,
1380 1363 1450 1408 vel
1478 1370 1593 1407 tem·
1676 1422 1679 1424 ‚

189 1430 376 1496 poribus
407 1446 457 1476 ac
477 1432 607 1486 locis,
644 1430 690 1475 in
710 1430 865 1493 quibus
895 1428 1159 1477 constituere
1184 1430 1444 1491 religionem
1473 1429 1593 1475 velit.
1663 1427 1667 1429 ’

188 1503 245 1547 In
265 1497 634 1563 praeceptoribus
663 1497 827 1544 laudari
851 1498 962 1545 solet
985 1511 1030 1546 et
1060 1515 1303 1563 permagna
1330 1509 1375 1544 et
1400 1497 1594 1544 salutaris

188 1568 416 1614 iuuentuti
436 1564 670 1629 prudentia
693 1564 855 1621 haberi,
889 1564 929 1618 fi,
950 1579 1123 1629 praeter
1141 1581 1428 1612 communem
1450 1565 1592 1610 omni-

187 1635 273 1683 bus
293 1633 574 1697 disciplinam,
603 1632 816 1680 adhibent
835 1631 1046 1696 quaedam
1068 1633 1303 1696 peculiaria
1322 1642 1369 1678 et
1388 1632 1460 1677 sua
1478 1629 1592 1677 insti-

187 1713 313 1756 tuta,
366 1702 454 1747 hoc
485 1699 568 1757 est,
613 1698 815 1757 artificia,
866 1699 1027 1764 quibus
1056 1702 1126 1747 vel
1162 1700 1359 1746 celeritas
1396 1699 1590 1745 felicium

183 1769 468 1831 ingeniorum
490 1777 767 1824 coerceatur,
803 1779 848 1813 et
865 1768 986 1814 velut
1006 1767 1222 1825 fatigetur
1243 1767 1490 1821 salubriter,
1530 1781 1588 1812 ne

184 1840 236 1885 in
255 1837 495 1883 vanitatem
527 1834 745 1898 quandam
771 1845 817 1881 et
847 1835 1054 1882 inutilem
1083 1837 1310 1882 leuitatem
1333 1833 1592 1895 degeneret,

185 1916 265 1953 aut
281 1903 459 1951 tarditas
481 1904 739 1949 tenuiorum
766 1903 1000 1958 incitetur,
1040 1905 1283 1950 memoriae
1309 1901 1588 1948 imbecillitas

182 1972 428 2020 roboretur
447 1981 493 2017 et
513 1969 734 2031 angustiae
755 1969 995 2019 dilatentur
1017 1982 1102 2018 cet.
1170 1976 1325 2034 Atque
1345 1971 1474 2016 etiam
1495 1968 1587 2015 hoc

182 2037 457 2104 exspestatur
476 2056 500 2084 a
520 2037 643 2086 bono
664 2036 889 2099 magistro,
921 2050 968 2085 vt
989 2038 1030 2085 se
1048 2036 1362 2085 accommodet
1391 2035 1587 2097 singulis,

184 2120 231 2157 et
250 2110 364 2172 aptis
393 2105 447 2154 ad
475 2108 689 2171 cuiusque
719 2107 950 2167 ingenium
981 2117 1116 2172 atque
1146 2117 1346 2152 naturam
1375 2102 1586 2152 institutis

180 2187 342 2223 vtatur.
420 2178 602 2227 Quanto
625 2177 764 2234 magis
786 2174 981 2222 diuinam
1003 2174 1253 2240 sapientiam
1270 2173 1506 2235 agnoscere
1520 2170 1586 2218 fas

180 2246 287 2300 erit,
320 2240 352 2288 fi
373 2242 651 2296 hominibus,
684 2242 831 2305 aliquo
852 2245 963 2290 vitio
987 2243 1041 2291 ad
1060 2243 1328 2302 religionem
1351 2244 1582 2302 virtutem-

180 2327 271 2377 que
298 2310 571 2375 pernicioso‚
624 2308 918 2374 vndecunque
948 2323 1074 2366 orto,
1122 2309 1358 2356 debilitatis
1385 2306 1584 2354 consulat

178 2376 388 2427 institutis
410 2378 581 2436 talibus,
601 2395 715 2442 quae
735 2380 804 2424 vel
824 2379 1045 2425 scientiam
1065 2376 1289 2441 fidemque
1310 2392 1456 2422 rerum
1475 2373 1584 2420 diui-

178 2463 351 2499 narum,
375 2446 536 2510 quibus
556 2447 712 2507 religio
733 2448 920 2494 maxime
940 2448 1204 2502 continetur,
1224 2443 1580 2502 adiuuentalant·

177 2531 281 2578 que,
307 2515 378 2560 vel
397 2531 546 2562 rerum
568 2512 840 2575 agendarum
862 2512 1295 2579 expetendarumque
1313 2510 1582 2558 admoneant

177 2578 442 2636 efficaciter,
475 2593 522 2629 et
542 2582 594 2630 ad
617 2582 877 2631 seruandum
897 2580 1091 2629 officium
1104 2596 1371 2646 quacunque
1404 2580 1580 2626 ratione

173 2648 481 2698 adsuefaciant.
580 2650 853 2700 Morborum
889 2649 1104 2716 quaedam
1138 2664 1301 2711 genera
1339 2650 1420 2704 ita,
1465 2664 1505 2693 v.
1538 2663 1578 2695 c.

1446 2712 1575 2772 vistu,
