1682 3068
230 179 324 232 272
356 164 361 165 ⁷
495 194 502 199 -
538 183 813 214 vmnrcnut
857 179 1111 218 ananau
1158 189 1333 221 mvxm

227 300 280 338 vt
296 291 491 356 primum
511 298 608 336 nata
626 286 688 336 est
708 287 835 348 fides,
878 289 933 340 ad
952 295 1161 359 pietatem
1183 303 1231 341 et
1253 290 1452 343 officium
1472 293 1629 345 leniter

230 367 456 406 mouetur.
555 363 616 405 At
634 357 718 406 illis
737 357 954 419 motibus,
995 360 1155 425 quibus
1175 364 1378 409 noua-vis
1398 363 1441 410 se
1459 363 1626 420 exserit,

228 424 530 474 obediendum
565 422 627 471 est
645 426 914 484 exercendo,
958 429 1195 476 adiuuante
1215 431 1380 494 Spiritu
1402 433 1442 477 8.
1521 434 1627 478 Nec

225 492 346 542 aliud
367 493 550 541 voluere
571 493 798 556 Theologi
828 494 963 544 nostri
981 499 1028 543 in
1057 499 1140 544 hac
1160 496 1479 561 disputatione,
1517 515 1626 559 quo·

227 578 329 609 rum
347 560 668 615 similitudines,
695 578 721 609 a
738 575 971 622 magnete,
1010 568 1117 624 igne
1135 575 1181 611 et
1201 563 1429 613 arboribus
1460 563 1625 625 dutiae,

228 646 324 677 non
344 629 397 676 ad
419 633 570 676 viuum
583 629 866 687 resecandae,
896 631 967 677 sed
988 630 1323 686 accommodate
1342 631 1394 678 ad
1414 634 1477 680 rei
1496 643 1624 680 natu·

227 714 323 744 ram
344 695 621 761 explicandae
650 697 774 754 sunt,
813 710 862 745 vt
882 715 1038 746 omnes
1071 711 1262 756 ceterae,
1305 716 1417 764 quae
1443 718 1467 748 a
1488 700 1622 748 rebus

226 767 455 830 corporeis
477 761 656 820 dufilae²
693 764 747 811 ad
774 767 1156 831 res-incorporeas
1175 777 1222 814 et
1249 767 1405 815 liberas
1434 767 1622 815 transfe-

224 843 401 881 runtur.·
477 831 723 886 Quomodo
752 842 898 881 autem
919 835 989 880 illa
1019 834 1201 882 facultas
1222 843 1269 881 et
1287 835 1359 881 illa
1378 837 1501 882 initia
1531 835 1622 890 san·

225 897 383 948 &itatis
403 916 504 947 cum
524 898 612 946 fide
632 902 830 956 veniant,
860 902 904 947 in
927 918 982 949 eo
1004 903 1111 949 nihil
1133 903 1293 948 melius
1308 901 1461 961 fuerit,
1486 919 1620 968 quam
1674 908 1676 910 ’

175 967 178 969 Α
222 969 491 1034 scripturam
516 967 666 1014 audire
685 978 732 1014 et
753 978 951 1016 naturam
973 967 1076 1016 fidei
1098 970 1339 1016 consulere.
1452 1017 1457 1023 x

323 1045 400 1097 85.
421 1037 614 1083 Primum
634 1035 770 1098 igitur
788 1035 1017 1084 audiamus
1037 1039 1307 1101 Scripturas:
1337 1052 1448 1100 quae
1465 1034 1618 1083 funda-

221 1113 374 1151 menta
405 1102 534 1150 huius
554 1119 698 1150 nouae
723 1102 940 1151 facultatis
970 1115 1151 1170 ponunt
1179 1106 1224 1151 in
1250 1103 1359 1159 fide,
1399 1120 1494 1151 non
1511 1101 1619 1166 εἱμέ-

220 1189 334 1228 σως,
364 1187 449 1236 qua
470 1167 532 1217 est
550 1173 751 1235 acceptio
772 1169 975 1219 beneficii
998 1172 1146 1228 diuini,
1173 1184 1219 1219 et
1240 1169 1360 1219 astus
1381 1173 1514 1218 animi
1532 1171 1615 1219 hu·

217 1240 363 1296 mani,
404 1237 478 1285 sed
504 1238 730 1302 ἐμμέσως,
774 1255 856 1303 per
877 1241 970 1287 eius
989 1233 1173 1287 effeaus
1200 1251 1247 1287 et
1271 1235 1444 1287 frustus
1475 1241 1618 1303 proxi-

214 1322 342 1363 mos;
385 1321 582 1370 quorum
611 1306 724 1352 alter
754 1308 953 1352 cernitur
974 1309 1019 1353 in
1039 1306 1288 1354 remiffione
1315 1317 1617 1371 peccatorum,

214 1391 351 1439 quae,
386 1372 442 1420 de
460 1371 679 1420 beneficio
699 1376 782 1419 Dei
800 1384 847 1420 et
865 1374 1165 1437 promiffione,
1199 1390 1302 1421 curn
1327 1373 1412 1421 fide
1430 1377 1491 1422 ita
1507 1388 1615 1421 con·

214 1439 364 1489 iunsta
386 1439 467 1498 est,
509 1452 556 1488 vt
575 1457 668 1488 non
686 1452 915 1506 tempore,
956 1441 1029 1489 sed
1049 1443 1134 1491 sola
1155 1443 1449 1503 cogitatione,
1486 1440 1539 1488 ab
1562 1457 1614 1488 ea

214 1507 402 1556 discerni
419 1508 573 1573 poffit:
607 1508 717 1556 alter
733 1510 778 1556 in
798 1510 1118 1575 tranquillitate
1135 1511 1427 1558 conscientiae
1444 1526 1496 1557 ex
1514 1507 1615 1566 fide,

211 1594 297 1642 per
317 1587 603 1641 peccatorum
623 1575 1028 1633 condonationem,
1056 1581 1177 1626 Rom.
1201 1579 1257 1634 V,
1280 1593 1318 1624 1.
1388 1578 1447 1623 Et
1470 1574 1522 1623 ab
1543 1592 1612 1622 re-

211 1643 416 1691 miffione
436 1653 724 1707 peccatorum
745 1642 925 1708 quidem
946 1644 1057 1691 clare
1089 1646 1282 1706 origines
1315 1643 1545 1701 sanffltatis
1564 1654 1611 1691 et

210 1710 487 1758 obedientiae
506 1721 774 1772 repetuntur
805 1709 920 1774 apud
939 1714 1183 1769 Ieremiam,
1224 1713 1269 1758 in
1297 1714 1507 1759 vaticinio
1528 1726 1610 1758 no-

210 1777 285 1825 bili
306 1777 363 1824 de
381 1780 442 1824 N.
463 1783 519 1825 T.
542 1777 748 1824 felicitate
765 1778 955 1835 XXXI,
980 1795 1035 1837 33
1048 1779 1118 1843 sq.
1149 1781 1343 1841 repetito
1375 1796 1457 1844 per
1476 1779 1608 1827 Paul-

210 1847 294 1894 lum
320 1848 452 1894 Hebr.
484 1845 613 1899 VIII,
635 1861 661 1903 9
673 1845 742 1910 sq.
842 1849 963 1892 Nam
980 1862 1082 1893 cum
1106 1844 1290 1903 dixiffet,
1331 1848 1463 1893 huius
1494 1847 1606 1893 noui

209 1912 404 1962 foederis
425 1914 642 1960 rationem
672 1912 808 1974 longe
834 1911 1044 1960 diuersam
1075 1915 1174 1961 fore
1202 1932 1227 1961 a
1247 1913 1455 1979 pristino:
1501 1928 1606 1977 pro·

207 1992 382 2047 pterea,
420 1979 543 2046 quod
569 1991 696 2027 vetus
726 1996 821 2027 non
851 1980 1090 2038 seruatum,
1133 1982 1223 2028 hoc
1241 1992 1388 2029 autem
1411 1979 1606 2028 sanssita·

207 2059 302 2096 tem
329 2065 476 2096 veram
503 2058 550 2095 et
571 2050 787 2095 virtutem
819 2048 1055 2096 allaturum
1084 2046 1214 2103 esset3
1257 2051 1474 2096 rationem
1508 2049 1604 2095 eius

207 2118 323 2164 tanti
342 2115 448 2163 boni
470 2114 639 2163 subiicit
662 2115 776 2162 hanc
793 2117 1022 2164 brem-Le.
1040 2133 1112 2174 35.
1141 2117 1349 2165 Hebr.l.c.
1367 2132 1436 2162 12.
1458 2119 1604 2164 etenim

197 2187 417 2248 propitius
436 2201 509 2232 ero
527 2180 754 2247 malefaffls
773 2201 915 2233 eorum
928 2220 938 2239 ‚
981 2192 1022 2232 et
1041 2194 1210 2246 peccata
1227 2201 1273 2232 ac
1291 2184 1438 2231 deusta
1459 2198 1600 2230 eorum

204 2254 400 2300 obliuioni
419 2251 774 2315 traditurusficm.
853 2255 901 2298 In
923 2268 1014 2316 quo
1041 2257 1225 2317 proprie
1253 2247 1386 2299 inesse
1406 2250 1600 2297 foederis

201 2321 321 2367 illius
345 2317 636 2377 beneficium,
672 2335 697 2366 e
718 2335 807 2383 quo
828 2319 1018 2366 alterum
1039 2319 1255 2383 sequatur,
1284 2318 1401 2365 idem
1424 2319 1598 2364 Paullus

201 2386 396 2434 declarat
414 2387 499 2434 alio
519 2387 624 2433 loco
658 2388 806 2447 (Rom.
828 2387 909 2442 XI,
936 2389 1037 2446 27.)
1065 2387 1181 2433 idem
1202 2386 1454 2433 vaticinium
1472 2401 1598 2450 repe-

201 2465 325 2502 tens:
359 2453 472 2508 αὕτη
490 2454 635 2509 αὐτοῖς
651 2454 760 2519 παρ’
776 2453 859 2518 ὲμέ
878 2448 1093 2512 ὃιῖιθῆκη,
1128 2453 1231 2502 ὅταν
1250 2453 1493 2518 ἀφέλωμαι
1512 2450 1596 2507 τοὶς

200 2522 433 2588 ἁμαρτίας
453 2521 611 2571 αὐτῶν.
672 2526 772 2569 'Res
790 2533 936 2569 autem
955 2521 1013 2568 sic
1039 2522 1082 2568 se
1100 2521 1246 2571 habet.
1324 2523 1438 2567 Cum
1470 2523 1595 2566 Deus

195 2604 282 2652 per
305 2589 438 2635 fidem
459 2590 671 2655 purgauit
688 2591 879 2636 hominis
900 2592 1119 2645 animum,
1159 2586 1455 2649 abstergendis
1491 2603 1594 2634 con-

195 2655 440 2705 donatione
458 2658 667 2722 peccatis,
690 2658 952 2717 AQXXV,
965 2674 1007 2717 9.
1035 2654 1350 2722 adoptauit'que
1366 2653 1592 2722 perfidem

1408 2739 1591 2784 regene-
