<?xml version="1.0" encoding="UTF-8"?>
<!DOCTYPE html PUBLIC "-//W3C//DTD XHTML 1.0 Transitional//EN"
    "http://www.w3.org/TR/xhtml1/DTD/xhtml1-transitional.dtd">
<html xmlns="http://www.w3.org/1999/xhtml" xml:lang="en" lang="en">
 <head>
  <title>
</title>
<meta http-equiv="Content-Type" content="text/html;charset=utf-8" />
  <meta name='ocr-system' content='tesseract 3.04.00' />
  <meta name='ocr-capabilities' content='ocr_page ocr_carea ocr_par ocr_line ocrx_word'/>
</head>
<body>
  <div class='ocr_page' id='page_1' title='image "./opusculatheologi00erneuoft_0166.png"; bbox 0 0 1682 3068; ppageno 0'>
   <div class='ocr_carea' id='block_1_1' title="bbox 213 176 1280 223">
    <p class='ocr_par' dir='ltr' id='par_1_1' title="bbox 213 176 1280 223">
     <span class='ocr_line' id='line_1_1' title="bbox 213 176 1280 223; baseline -0.001 -13"><span class='ocrx_word' id='word_1_1' title='bbox 213 177 309 223; x_wconf 66' lang='lat'>144</span> <span class='ocrx_word' id='word_1_2' title='bbox 542 177 606 206; x_wconf 75' lang='lat' dir='ltr'>m:</span> <span class='ocrx_word' id='word_1_3' title='bbox 650 177 986 207; x_wconf 65' lang='lat' dir='ltr'>PRAnszn&#39;rlA</span> <span class='ocrx_word' id='word_1_4' title='bbox 1020 176 1280 209; x_wconf 70' lang='lat' dir='ltr'>CORPORIS</span> 
     </span>
    </p>
   </div>
   <div class='ocr_carea' id='block_1_2' title="bbox 128 278 1675 2647">
    <p class='ocr_par' dir='ltr' id='par_1_2' title="bbox 128 278 1675 2647">
     <span class='ocr_line' id='line_1_2' title="bbox 210 278 1615 347; baseline 0.001 -16"><span class='ocrx_word' id='word_1_5' title='bbox 210 282 369 332; x_wconf 77' lang='lat' dir='ltr'>adduci</span> <span class='ocrx_word' id='word_1_6' title='bbox 389 278 575 329; x_wconf 86' lang='lat' dir='ltr'>voluiss&#39;e</span> <span class='ocrx_word' id='word_1_7' title='bbox 592 282 698 328; x_wconf 89' lang='lat' dir='ltr'>vino</span> <span class='ocrx_word' id='word_1_8' title='bbox 719 280 934 339; x_wconf 86' lang='lat' dir='ltr'>bibendo,</span> <span class='ocrx_word' id='word_1_9' title='bbox 977 286 1022 330; x_wconf 89' lang='lat' dir='ltr'>in</span> <span class='ocrx_word' id='word_1_10' title='bbox 1046 301 1135 347; x_wconf 92' lang='lat' dir='ltr'>quo</span> <span class='ocrx_word' id='word_1_11' title='bbox 1163 280 1268 333; x_wconf 85' lang='lat' dir='ltr'>esset</span> <span class='ocrx_word' id='word_1_12' title='bbox 1287 281 1430 346; x_wconf 81' lang='lat' dir='ltr'>figura</span> <span class='ocrx_word' id='word_1_13' title='bbox 1445 283 1615 347; x_wconf 88' lang='lat' dir='ltr'>sangui·</span> 
     </span>
     <span class='ocr_line' id='line_1_3' title="bbox 206 349 1614 414; baseline 0.001 -16"><span class='ocrx_word' id='word_1_14' title='bbox 206 353 277 398; x_wconf 87' lang='lat' dir='ltr'>nis</span> <span class='ocrx_word' id='word_1_15' title='bbox 295 352 380 404; x_wconf 88' lang='lat' dir='ltr'>sui,</span> <span class='ocrx_word' id='word_1_16' title='bbox 413 349 537 414; x_wconf 85' lang='lat' dir='ltr'>quod</span> <span class='ocrx_word' id='word_1_17' title='bbox 558 349 604 396; x_wconf 87' lang='lat' dir='ltr'>id</span> <span class='ocrx_word' id='word_1_18' title='bbox 622 351 717 397; x_wconf 84' lang='lat' dir='ltr'>vice</span> <span class='ocrx_word' id='word_1_19' title='bbox 738 351 959 412; x_wconf 86' lang='lat' dir='ltr'>sanguinis</span> <span class='ocrx_word' id='word_1_20' title='bbox 983 351 1169 398; x_wconf 84' lang='lat' dir='ltr'>daretur.</span> <span class='ocrx_word' id='word_1_21' title='bbox 1272 354 1322 398; x_wconf 88' lang='lat' dir='ltr'>ln</span> <span class='ocrx_word' id='word_1_22' title='bbox 1346 369 1437 414; x_wconf 91' lang='lat' dir='ltr'>quo</span> <span class='ocrx_word' id='word_1_23' title='bbox 1462 353 1614 400; x_wconf 84' lang='lat' dir='ltr'>saltem</span> 
     </span>
     <span class='ocr_line' id='line_1_4' title="bbox 206 417 1675 482; baseline 0.001 -15"><span class='ocrx_word' id='word_1_24' title='bbox 206 417 320 467; x_wconf 84' lang='lat' dir='ltr'>illud</span> <span class='ocrx_word' id='word_1_25' title='bbox 339 433 494 464; x_wconf 89' lang='lat' dir='ltr'>verum</span> <span class='ocrx_word' id='word_1_26' title='bbox 516 427 631 474; x_wconf 89' lang='lat' dir='ltr'>erat,</span> <span class='ocrx_word' id='word_1_27' title='bbox 667 417 791 482; x_wconf 87' lang='lat' dir='ltr'>quod</span> <span class='ocrx_word' id='word_1_28' title='bbox 813 417 867 464; x_wconf 80' lang='lat' dir='ltr'>de</span> <span class='ocrx_word' id='word_1_29' title='bbox 887 420 992 466; x_wconf 92' lang='lat' dir='ltr'>vino</span> <span class='ocrx_word' id='word_1_30' title='bbox 1018 419 1072 465; x_wconf 90' lang='lat' dir='ltr'>ab</span> <span class='ocrx_word' id='word_1_31' title='bbox 1103 417 1434 466; x_wconf 85' lang='lat' dir='ltr'>immolantibus</span> <span class='ocrx_word' id='word_1_32' title='bbox 1465 419 1620 469; x_wconf 74' lang='lat' dir='ltr'>sumto,</span> <span class='ocrx_word' id='word_1_33' title='bbox 1670 455 1675 468; x_wconf 86' lang='lat'>.</span> 
     </span>
     <span class='ocr_line' id='line_1_5' title="bbox 210 483 1612 541; baseline 0.001 -8"><span class='ocrx_word' id='word_1_34' title='bbox 210 485 460 533; x_wconf 79' lang='lat' dir='ltr'>dicebatur:</span> <span class='ocrx_word' id='word_1_35' title='bbox 496 483 569 531; x_wconf 89' lang='lat' dir='ltr'>sed</span> <span class='ocrx_word' id='word_1_36' title='bbox 588 484 772 532; x_wconf 88' lang='lat' dir='ltr'>alterum</span> <span class='ocrx_word' id='word_1_37' title='bbox 799 497 946 533; x_wconf 83' lang='lat' dir='ltr'>totum</span> <span class='ocrx_word' id='word_1_38' title='bbox 968 505 990 532; x_wconf 91' lang='lat' dir='ltr'>a</span> <span class='ocrx_word' id='word_1_39' title='bbox 1010 489 1192 534; x_wconf 90' lang='lat' dir='ltr'>veritate</span> <span class='ocrx_word' id='word_1_40' title='bbox 1213 486 1405 534; x_wconf 88' lang='lat' dir='ltr'>alienum</span> <span class='ocrx_word' id='word_1_41' title='bbox 1419 521 1429 541; x_wconf 87' lang='lat'>,</span> <span class='ocrx_word' id='word_1_42' title='bbox 1458 488 1612 535; x_wconf 88' lang='lat' dir='ltr'>vinum</span> 
     </span>
     <span class='ocr_line' id='line_1_6' title="bbox 206 551 1612 618; baseline -0.001 -15"><span class='ocrx_word' id='word_1_43' title='bbox 206 556 313 603; x_wconf 91' lang='lat' dir='ltr'>loco</span> <span class='ocrx_word' id='word_1_44' title='bbox 335 554 552 613; x_wconf 85' lang='lat' dir='ltr'>sanguinis</span> <span class='ocrx_word' id='word_1_45' title='bbox 571 551 700 600; x_wconf 78' lang='lat' dir='ltr'>fuiffe.</span> <span class='ocrx_word' id='word_1_46' title='bbox 780 558 901 600; x_wconf 87' lang='lat' dir='ltr'>Nam</span> <span class='ocrx_word' id='word_1_47' title='bbox 922 555 1011 601; x_wconf 88' lang='lat' dir='ltr'>vini</span> <span class='ocrx_word' id='word_1_48' title='bbox 1029 554 1125 601; x_wconf 87' lang='lat' dir='ltr'>vsus</span> <span class='ocrx_word' id='word_1_49' title='bbox 1153 553 1236 600; x_wconf 87' lang='lat' dir='ltr'>fuit</span> <span class='ocrx_word' id='word_1_50' title='bbox 1254 555 1298 600; x_wconf 89' lang='lat' dir='ltr'>in</span> <span class='ocrx_word' id='word_1_51' title='bbox 1321 566 1445 618; x_wconf 85' lang='lat' dir='ltr'>parte</span> <span class='ocrx_word' id='word_1_52' title='bbox 1465 554 1612 601; x_wconf 88' lang='lat' dir='ltr'>neces-</span> 
     </span>
     <span class='ocr_line' id='line_1_7' title="bbox 205 619 1613 686; baseline 0.001 -18"><span class='ocrx_word' id='word_1_53' title='bbox 205 623 309 668; x_wconf 76' lang='lat' dir='ltr'>saria</span> <span class='ocrx_word' id='word_1_54' title='bbox 330 619 526 668; x_wconf 85' lang='lat' dir='ltr'>sacrificii</span> <span class='ocrx_word' id='word_1_55' title='bbox 543 621 653 676; x_wconf 87' lang='lat' dir='ltr'>talis,</span> <span class='ocrx_word' id='word_1_56' title='bbox 686 622 1020 686; x_wconf 85' lang='lat' dir='ltr'>multorumque</span> <span class='ocrx_word' id='word_1_57' title='bbox 1038 622 1238 677; x_wconf 84' lang='lat' dir='ltr'>aliorum,</span> <span class='ocrx_word' id='word_1_58' title='bbox 1272 638 1358 668; x_wconf 86' lang='lat' dir='ltr'>nec</span> <span class='ocrx_word' id='word_1_59' title='bbox 1376 624 1613 685; x_wconf 81' lang='lat' dir='ltr'>quicquam</span> 
     </span>
     <span class='ocr_line' id='line_1_8' title="bbox 207 685 1614 753; baseline -0.002 -15"><span class='ocrx_word' id='word_1_60' title='bbox 207 689 367 738; x_wconf 85' lang='lat' dir='ltr'>habuit</span> <span class='ocrx_word' id='word_1_61' title='bbox 388 685 708 737; x_wconf 67' lang='lat' dir='ltr'>coniunstionis</span> <span class='ocrx_word' id='word_1_62' title='bbox 729 706 830 735; x_wconf 89' lang='lat' dir='ltr'>cum</span> <span class='ocrx_word' id='word_1_63' title='bbox 852 690 1087 750; x_wconf 89' lang='lat' dir='ltr'>sanguine:</span> <span class='ocrx_word' id='word_1_64' title='bbox 1117 690 1286 753; x_wconf 87' lang='lat' dir='ltr'>quippe</span> <span class='ocrx_word' id='word_1_65' title='bbox 1299 689 1417 735; x_wconf 87' lang='lat' dir='ltr'>caesa</span> <span class='ocrx_word' id='word_1_66' title='bbox 1434 687 1614 741; x_wconf 72' lang='lat' dir='ltr'>vistima</span> 
     </span>
     <span class='ocr_line' id='line_1_9' title="bbox 210 755 1614 818; baseline -0.002 -13"><span class='ocrx_word' id='word_1_67' title='bbox 210 769 269 818; x_wconf 26' lang='lat' dir='ltr'>et*</span> <span class='ocrx_word' id='word_1_68' title='bbox 291 756 387 804; x_wconf 90' lang='lat' dir='ltr'>fuso</span> <span class='ocrx_word' id='word_1_69' title='bbox 417 756 471 803; x_wconf 91' lang='lat' dir='ltr'>ad</span> <span class='ocrx_word' id='word_1_70' title='bbox 493 773 609 803; x_wconf 90' lang='lat' dir='ltr'>aram</span> <span class='ocrx_word' id='word_1_71' title='bbox 638 756 869 817; x_wconf 88' lang='lat' dir='ltr'>sanguine,</span> <span class='ocrx_word' id='word_1_72' title='bbox 908 755 1079 804; x_wconf 90' lang='lat' dir='ltr'>accedit</span> <span class='ocrx_word' id='word_1_73' title='bbox 1113 756 1295 803; x_wconf 88' lang='lat' dir='ltr'>demum</span> <span class='ocrx_word' id='word_1_74' title='bbox 1323 758 1416 803; x_wconf 82' lang='lat' dir='ltr'>vini</span> <span class='ocrx_word' id='word_1_75' title='bbox 1447 756 1614 812; x_wconf 81' lang='lat' dir='ltr'>libatio,</span> 
     </span>
     <span class='ocr_line' id='line_1_10' title="bbox 205 824 1612 891; baseline -0.003 -18"><span class='ocrx_word' id='word_1_76' title='bbox 205 842 291 891; x_wconf 85' lang='lat' dir='ltr'>per</span> <span class='ocrx_word' id='word_1_77' title='bbox 318 841 451 888; x_wconf 85' lang='lat' dir='ltr'>quam</span> <span class='ocrx_word' id='word_1_78' title='bbox 480 826 690 885; x_wconf 84' lang='lat' dir='ltr'>guttatim</span> <span class='ocrx_word' id='word_1_79' title='bbox 719 824 920 872; x_wconf 89' lang='lat' dir='ltr'>funditur</span> <span class='ocrx_word' id='word_1_80' title='bbox 946 827 1139 889; x_wconf 87' lang='lat' dir='ltr'>primum</span> <span class='ocrx_word' id='word_1_81' title='bbox 1167 840 1193 870; x_wconf 86' lang='lat' dir='ltr'>e</span> <span class='ocrx_word' id='word_1_82' title='bbox 1211 834 1362 888; x_wconf 86' lang='lat' dir='ltr'>patera</span> <span class='ocrx_word' id='word_1_83' title='bbox 1390 824 1481 870; x_wconf 88' lang='lat' dir='ltr'>vini</span> <span class='ocrx_word' id='word_1_84' title='bbox 1510 840 1612 887; x_wconf 88' lang='lat' dir='ltr'>pars</span> 
     </span>
     <span class='ocr_line' id='line_1_11' title="bbox 207 890 1613 956; baseline -0.003 -15"><span class='ocrx_word' id='word_1_85' title='bbox 207 896 258 942; x_wconf 89' lang='lat' dir='ltr'>in</span> <span class='ocrx_word' id='word_1_86' title='bbox 278 891 498 940; x_wconf 70' lang='lat' dir='ltr'>vifflmam</span> <span class='ocrx_word' id='word_1_87' title='bbox 518 893 705 946; x_wconf 80' lang='lat' dir='ltr'>caesam,</span> <span class='ocrx_word' id='word_1_88' title='bbox 722 890 932 956; x_wconf 86' lang='lat' dir='ltr'>posthaec</span> <span class='ocrx_word' id='word_1_89' title='bbox 949 902 1096 938; x_wconf 89' lang='lat' dir='ltr'>autem</span> <span class='ocrx_word' id='word_1_90' title='bbox 1116 891 1429 939; x_wconf 85' lang='lat' dir='ltr'>circumfertur</span> <span class='ocrx_word' id='word_1_91' title='bbox 1449 902 1613 953; x_wconf 85' lang='lat' dir='ltr'>patera,</span> 
     </span>
     <span class='ocr_line' id='line_1_12' title="bbox 206 956 1611 1023; baseline -0.002 -15"><span class='ocrx_word' id='word_1_92' title='bbox 206 972 266 1009; x_wconf 31' lang='lat' dir='ltr'>vt,</span> <span class='ocrx_word' id='word_1_93' title='bbox 276 957 531 1022; x_wconf 87' lang='lat' dir='ltr'>degustetur</span> <span class='ocrx_word' id='word_1_94' title='bbox 551 962 706 1006; x_wconf 88' lang='lat' dir='ltr'>vinum</span> <span class='ocrx_word' id='word_1_95' title='bbox 726 961 885 1023; x_wconf 84' lang='lat' dir='ltr'>pariter</span> <span class='ocrx_word' id='word_1_96' title='bbox 904 959 958 1006; x_wconf 91' lang='lat' dir='ltr'>ab</span> <span class='ocrx_word' id='word_1_97' title='bbox 979 958 1344 1014; x_wconf 78' lang='lat' dir='ltr'>sacrificantibuS,</span> <span class='ocrx_word' id='word_1_98' title='bbox 1378 969 1427 1005; x_wconf 86' lang='lat' dir='ltr'>vt</span> <span class='ocrx_word' id='word_1_99' title='bbox 1445 956 1611 1006; x_wconf 68' lang='lat' dir='ltr'>fastum</span> 
     </span>
     <span class='ocr_line' id='line_1_13' title="bbox 185 1023 1613 1096; baseline -0.001 -21"><span class='ocrx_word' id='word_1_100' title='bbox 185 1025 272 1096; x_wconf 42' lang='lat' dir='ltr'>&#39;est</span> <span class='ocrx_word' id='word_1_101' title='bbox 293 1029 428 1075; x_wconf 85' lang='lat' dir='ltr'>etiam</span> <span class='ocrx_word' id='word_1_102' title='bbox 450 1028 496 1073; x_wconf 90' lang='lat' dir='ltr'>in</span> <span class='ocrx_word' id='word_1_103' title='bbox 521 1029 614 1075; x_wconf 86' lang='lat' dir='ltr'>aliis</span> <span class='ocrx_word' id='word_1_104' title='bbox 634 1026 722 1073; x_wconf 84' lang='lat' dir='ltr'>sine</span> <span class='ocrx_word' id='word_1_105' title='bbox 745 1025 918 1074; x_wconf 71' lang='lat' dir='ltr'>viffima</span> <span class='ocrx_word' id='word_1_106' title='bbox 937 1025 1221 1074; x_wconf 87' lang='lat' dir='ltr'>libationibus</span> <span class='ocrx_word' id='word_1_107' title='bbox 1235 1025 1456 1087; x_wconf 84' lang='lat' dir='ltr'>religiosis.</span> <span class='ocrx_word' id='word_1_108' title='bbox 1491 1023 1613 1080; x_wconf 82' lang='lat' dir='ltr'>Quid</span> 
     </span>
     <span class='ocr_line' id='line_1_14' title="bbox 187 1091 1613 1157; baseline -0.002 -13"><span class='ocrx_word' id='word_1_109' title='bbox 187 1096 284 1144; x_wconf 79' lang='lat' dir='ltr'>hic</span> <span class='ocrx_word' id='word_1_110' title='bbox 305 1097 443 1157; x_wconf 84' lang='lat' dir='ltr'>igitur</span> <span class='ocrx_word' id='word_1_111' title='bbox 472 1092 533 1140; x_wconf 91' lang='lat' dir='ltr'>est</span> <span class='ocrx_word' id='word_1_112' title='bbox 555 1093 850 1142; x_wconf 66' lang='lat' dir='ltr'>similitudinis</span> <span class='ocrx_word' id='word_1_113' title='bbox 880 1112 984 1142; x_wconf 88' lang='lat' dir='ltr'>cum</span> <span class='ocrx_word' id='word_1_114' title='bbox 1007 1098 1157 1143; x_wconf 87' lang='lat' dir='ltr'>Coena</span> <span class='ocrx_word' id='word_1_115' title='bbox 1185 1095 1334 1142; x_wconf 82' lang='lat' dir='ltr'>sacra?</span> <span class='ocrx_word' id='word_1_116' title='bbox 1373 1106 1419 1142; x_wconf 88' lang='lat' dir='ltr'>et</span> <span class='ocrx_word' id='word_1_117' title='bbox 1447 1091 1478 1140; x_wconf 79' lang='lat' dir='ltr'>fi</span> <span class='ocrx_word' id='word_1_118' title='bbox 1507 1091 1613 1141; x_wconf 84' lang='lat' dir='ltr'>elset</span> 
     </span>
     <span class='ocr_line' id='line_1_15' title="bbox 207 1160 1611 1227; baseline -0.004 -14"><span class='ocrx_word' id='word_1_119' title='bbox 207 1175 384 1213; x_wconf 81' lang='lat' dir='ltr'>tamen:</span> <span class='ocrx_word' id='word_1_120' title='bbox 426 1161 534 1227; x_wconf 75' lang='lat' dir='ltr'>quid</span> <span class='ocrx_word' id='word_1_121' title='bbox 553 1163 595 1210; x_wconf 90' lang='lat' dir='ltr'>id</span> <span class='ocrx_word' id='word_1_122' title='bbox 616 1161 669 1209; x_wconf 89' lang='lat' dir='ltr'>ad</span> <span class='ocrx_word' id='word_1_123' title='bbox 691 1165 866 1225; x_wconf 23' lang='lat' dir='ltr'>Coe-nae</span> <span class='ocrx_word' id='word_1_124' title='bbox 887 1160 1184 1209; x_wconf 67' lang='lat' dir='ltr'>sanstiffimam</span> <span class='ocrx_word' id='word_1_125' title='bbox 1202 1163 1524 1208; x_wconf 85' lang='lat' dir='ltr'>cerimoniam&#39;?</span> <span class='ocrx_word' id='word_1_126' title='bbox 1561 1163 1611 1208; x_wconf 83' lang='lat' dir='ltr'>in</span> 
     </span>
     <span class='ocr_line' id='line_1_16' title="bbox 204 1228 1614 1296; baseline -0.004 -17"><span class='ocrx_word' id='word_1_127' title='bbox 204 1248 293 1296; x_wconf 89' lang='lat' dir='ltr'>qua</span> <span class='ocrx_word' id='word_1_128' title='bbox 312 1228 533 1279; x_wconf 83' lang='lat' dir='ltr'>Christum</span> <span class='ocrx_word' id='word_1_129' title='bbox 554 1228 738 1277; x_wconf 85' lang='lat' dir='ltr'>sumsisse</span> <span class='ocrx_word' id='word_1_130' title='bbox 762 1231 1013 1295; x_wconf 84' lang='lat' dir='ltr'>exemplum</span> <span class='ocrx_word' id='word_1_131' title='bbox 1040 1229 1093 1277; x_wconf 91' lang='lat' dir='ltr'>ab</span> <span class='ocrx_word' id='word_1_132' title='bbox 1114 1228 1333 1277; x_wconf 88' lang='lat' dir='ltr'>sacrificiis</span> <span class='ocrx_word' id='word_1_133' title='bbox 1355 1230 1614 1294; x_wconf 73' lang='lat' dir='ltr'>impiorum.</span> 
     </span>
     <span class='ocr_line' id='line_1_17' title="bbox 203 1292 1611 1362; baseline -0.003 -15"><span class='ocrx_word' id='word_1_134' title='bbox 203 1299 296 1348; x_wconf 88' lang='lat' dir='ltr'>fine</span> <span class='ocrx_word' id='word_1_135' title='bbox 318 1300 478 1346; x_wconf 84' lang='lat' dir='ltr'>iniuria</span> <span class='ocrx_word' id='word_1_136' title='bbox 495 1300 542 1344; x_wconf 87' lang='lat' dir='ltr'>in</span> <span class='ocrx_word' id='word_1_137' title='bbox 560 1298 701 1362; x_wconf 89' lang='lat' dir='ltr'>ipsum</span> <span class='ocrx_word' id='word_1_138' title='bbox 721 1310 767 1345; x_wconf 90' lang='lat' dir='ltr'>et</span> <span class='ocrx_word' id='word_1_139' title='bbox 787 1300 880 1344; x_wconf 88' lang='lat' dir='ltr'>eius</span> <span class='ocrx_word' id='word_1_140' title='bbox 901 1295 1175 1353; x_wconf 89' lang='lat' dir='ltr'>institutum,</span> <span class='ocrx_word' id='word_1_141' title='bbox 1213 1296 1300 1343; x_wconf 88' lang='lat' dir='ltr'>dici</span> <span class='ocrx_word' id='word_1_142' title='bbox 1330 1312 1426 1343; x_wconf 85' lang='lat' dir='ltr'>non</span> <span class='ocrx_word' id='word_1_143' title='bbox 1455 1292 1611 1359; x_wconf 82' lang='lat' dir='ltr'>potest.</span> 
     </span>
     <span class='ocr_line' id='line_1_18' title="bbox 202 1363 1611 1427; baseline -0.003 -13"><span class='ocrx_word' id='word_1_144' title='bbox 202 1370 402 1415; x_wconf 81' lang='lat' dir='ltr'>Mittam:</span> <span class='ocrx_word' id='word_1_145' title='bbox 420 1381 529 1427; x_wconf 87' lang='lat' dir='ltr'>ergo</span> <span class='ocrx_word' id='word_1_146' title='bbox 548 1366 743 1412; x_wconf 89' lang='lat' dir='ltr'>veritatis</span> <span class='ocrx_word' id='word_1_147' title='bbox 771 1363 1012 1411; x_wconf 81' lang='lat' dir='ltr'>adsertores</span> <span class='ocrx_word' id='word_1_148' title='bbox 1037 1376 1186 1411; x_wconf 87' lang='lat' dir='ltr'>totum</span> <span class='ocrx_word' id='word_1_149' title='bbox 1206 1364 1295 1411; x_wconf 92' lang='lat' dir='ltr'>hoc</span> <span class='ocrx_word' id='word_1_150' title='bbox 1317 1380 1461 1423; x_wconf 89' lang='lat' dir='ltr'>genus</span> <span class='ocrx_word' id='word_1_151' title='bbox 1483 1380 1611 1423; x_wconf 83' lang='lat' dir='ltr'>argu·</span> 
     </span>
     <span class='ocr_line' id='line_1_19' title="bbox 204 1431 1610 1498; baseline -0.004 -15"><span class='ocrx_word' id='word_1_152' title='bbox 204 1445 487 1490; x_wconf 88' lang='lat' dir='ltr'>mentorum,</span> <span class='ocrx_word' id='word_1_153' title='bbox 533 1450 645 1498; x_wconf 91' lang='lat' dir='ltr'>quae</span> <span class='ocrx_word' id='word_1_154' title='bbox 666 1450 690 1478; x_wconf 88' lang='lat' dir='ltr'>e</span> <span class='ocrx_word' id='word_1_155' title='bbox 709 1431 861 1480; x_wconf 88' lang='lat' dir='ltr'>ritibus</span> <span class='ocrx_word' id='word_1_156' title='bbox 880 1433 1111 1494; x_wconf 86' lang='lat' dir='ltr'>gentilium</span> <span class='ocrx_word' id='word_1_157' title='bbox 1133 1440 1384 1495; x_wconf 80' lang='lat' dir='ltr'>captantur,</span> <span class='ocrx_word' id='word_1_158' title='bbox 1422 1431 1610 1494; x_wconf 80' lang='lat' dir='ltr'>satisque</span> 
     </span>
     <span class='ocr_line' id='line_1_20' title="bbox 202 1497 1609 1565; baseline -0.004 -15"><span class='ocrx_word' id='word_1_159' title='bbox 202 1501 396 1550; x_wconf 79' lang='lat' dir='ltr'>habeant</span> <span class='ocrx_word' id='word_1_160' title='bbox 413 1501 477 1548; x_wconf 87' lang='lat' dir='ltr'>vti</span> <span class='ocrx_word' id='word_1_161' title='bbox 495 1502 758 1565; x_wconf 72' lang='lat' dir='ltr'>scripturis,</span> <span class='ocrx_word' id='word_1_162' title='bbox 779 1515 827 1547; x_wconf 89' lang='lat' dir='ltr'>et</span> <span class='ocrx_word' id='word_1_163' title='bbox 853 1501 904 1547; x_wconf 88' lang='lat' dir='ltr'>iis</span> <span class='ocrx_word' id='word_1_164' title='bbox 923 1497 1044 1547; x_wconf 70' lang='lat' dir='ltr'>reste</span> <span class='ocrx_word' id='word_1_165' title='bbox 1061 1516 1113 1546; x_wconf 90' lang='lat' dir='ltr'>ac</span> <span class='ocrx_word' id='word_1_166' title='bbox 1134 1499 1371 1561; x_wconf 82' lang='lat' dir='ltr'>diligenter</span> <span class='ocrx_word' id='word_1_167' title='bbox 1388 1498 1609 1562; x_wconf 78' lang='lat' dir='ltr'>explican-</span> 
     </span>
     <span class='ocr_line' id='line_1_21' title="bbox 205 1562 1608 1633; baseline -0.002 -16"><span class='ocrx_word' id='word_1_168' title='bbox 205 1569 272 1617; x_wconf 89' lang='lat' dir='ltr'>dis</span> <span class='ocrx_word' id='word_1_169' title='bbox 291 1569 522 1616; x_wconf 87' lang='lat' dir='ltr'>veritatem</span> <span class='ocrx_word' id='word_1_170' title='bbox 541 1567 738 1624; x_wconf 74' lang='lat' dir='ltr'>firmare,</span> <span class='ocrx_word' id='word_1_171' title='bbox 779 1585 891 1633; x_wconf 91' lang='lat' dir='ltr'>quae</span> <span class='ocrx_word' id='word_1_172' title='bbox 911 1585 1005 1615; x_wconf 90' lang='lat' dir='ltr'>non</span> <span class='ocrx_word' id='word_1_173' title='bbox 1025 1565 1259 1615; x_wconf 86' lang='lat' dir='ltr'>destituent</span> <span class='ocrx_word' id='word_1_174' title='bbox 1278 1562 1400 1613; x_wconf 69' lang='lat' dir='ltr'>reste</span> <span class='ocrx_word' id='word_1_175' title='bbox 1417 1562 1608 1614; x_wconf 74' lang='lat' dir='ltr'>trastan·</span> 
     </span>
     <span class='ocr_line' id='line_1_22' title="bbox 204 1632 1003 1692; baseline -0.005 -7"><span class='ocrx_word' id='word_1_176' title='bbox 204 1648 322 1692; x_wconf 84' lang='lat' dir='ltr'>tem,</span> <span class='ocrx_word' id='word_1_177' title='bbox 351 1646 399 1684; x_wconf 86' lang='lat' dir='ltr'>vt</span> <span class='ocrx_word' id='word_1_178' title='bbox 415 1646 544 1683; x_wconf 82' lang='lat' dir='ltr'>antea</span> <span class='ocrx_word' id='word_1_179' title='bbox 564 1632 908 1682; x_wconf 87' lang='lat' dir='ltr'>demonstratum</span> <span class='ocrx_word' id='word_1_180' title='bbox 931 1633 1003 1681; x_wconf 88' lang='lat' dir='ltr'>est.</span> 
     </span>
     <span class='ocr_line' id='line_1_23' title="bbox 308 1699 1608 1764; baseline -0.005 -12"><span class='ocrx_word' id='word_1_181' title='bbox 308 1720 381 1762; x_wconf 86' lang='lat'>17.</span> <span class='ocrx_word' id='word_1_182' title='bbox 419 1701 507 1750; x_wconf 87' lang='lat' dir='ltr'>Sed</span> <span class='ocrx_word' id='word_1_183' title='bbox 528 1702 703 1750; x_wconf 90' lang='lat' dir='ltr'>duobus</span> <span class='ocrx_word' id='word_1_184' title='bbox 723 1703 806 1749; x_wconf 89' lang='lat' dir='ltr'>illis</span> <span class='ocrx_word' id='word_1_185' title='bbox 839 1703 1046 1764; x_wconf 85' lang='lat' dir='ltr'>legitimis</span> <span class='ocrx_word' id='word_1_186' title='bbox 1066 1699 1304 1761; x_wconf 88' lang='lat' dir='ltr'>generibus</span> <span class='ocrx_word' id='word_1_187' title='bbox 1323 1709 1608 1761; x_wconf 86' lang='lat' dir='ltr'>argumento·</span> 
     </span>
     <span class='ocr_line' id='line_1_24' title="bbox 201 1763 1608 1835; baseline -0.006 -14"><span class='ocrx_word' id='word_1_188' title='bbox 201 1789 332 1827; x_wconf 86' lang='lat' dir='ltr'>rum,</span> <span class='ocrx_word' id='word_1_189' title='bbox 376 1770 536 1835; x_wconf 89' lang='lat' dir='ltr'>quibus</span> <span class='ocrx_word' id='word_1_190' title='bbox 557 1772 684 1835; x_wconf 89' lang='lat' dir='ltr'>supra</span> <span class='ocrx_word' id='word_1_191' title='bbox 703 1769 760 1817; x_wconf 79' lang='lat' dir='ltr'>vfi</span> <span class='ocrx_word' id='word_1_192' title='bbox 784 1770 954 1825; x_wconf 86' lang='lat' dir='ltr'>sumus,</span> <span class='ocrx_word' id='word_1_193' title='bbox 989 1768 1090 1816; x_wconf 84' lang='lat' dir='ltr'>addi</span> <span class='ocrx_word' id='word_1_194' title='bbox 1110 1769 1220 1815; x_wconf 89' lang='lat' dir='ltr'>solet</span> <span class='ocrx_word' id='word_1_195' title='bbox 1238 1770 1442 1832; x_wconf 88' lang='lat' dir='ltr'>tertium,</span> <span class='ocrx_word' id='word_1_196' title='bbox 1482 1763 1608 1832; x_wconf 88' lang='lat' dir='ltr'>quod</span> 
     </span>
     <span class='ocr_line' id='line_1_25' title="bbox 128 1833 1606 1903; baseline -0.004 -15"><span class='ocrx_word' id='word_1_197' title='bbox 128 1853 130 1860; x_wconf 70' lang='lat'><em>‘</em></span> <span class='ocrx_word' id='word_1_198' title='bbox 202 1840 260 1887; x_wconf 85' lang='lat' dir='ltr'>ab</span> <span class='ocrx_word' id='word_1_199' title='bbox 285 1838 499 1887; x_wconf 86' lang='lat' dir='ltr'>consensu</span> <span class='ocrx_word' id='word_1_200' title='bbox 516 1839 788 1903; x_wconf 87' lang='lat' dir='ltr'>antiquitatis</span> <span class='ocrx_word' id='word_1_201' title='bbox 809 1835 1041 1886; x_wconf 82' lang='lat' dir='ltr'>arceffitur.</span> <span class='ocrx_word' id='word_1_202' title='bbox 1093 1839 1196 1882; x_wconf 88' lang='lat' dir='ltr'>Nec</span> <span class='ocrx_word' id='word_1_203' title='bbox 1216 1836 1258 1882; x_wconf 91' lang='lat' dir='ltr'>id</span> <span class='ocrx_word' id='word_1_204' title='bbox 1279 1833 1484 1899; x_wconf 74' lang='lat' dir='ltr'>profesto</span> <span class='ocrx_word' id='word_1_205' title='bbox 1506 1836 1606 1882; x_wconf 86' lang='lat' dir='ltr'>leue</span> 
     </span>
     <span class='ocr_line' id='line_1_26' title="bbox 203 1901 1606 1966; baseline -0.005 -11"><span class='ocrx_word' id='word_1_206' title='bbox 203 1921 251 1956; x_wconf 87' lang='lat' dir='ltr'>et</span> <span class='ocrx_word' id='word_1_207' title='bbox 272 1905 655 1954; x_wconf 87' lang='lat' dir='ltr'>contemnendum</span> <span class='ocrx_word' id='word_1_208' title='bbox 677 1905 814 1953; x_wconf 88' lang='lat' dir='ltr'>videri</span> <span class='ocrx_word' id='word_1_209' title='bbox 831 1904 975 1952; x_wconf 87' lang='lat' dir='ltr'>debet.</span> <span class='ocrx_word' id='word_1_210' title='bbox 1028 1909 1310 1966; x_wconf 85' lang='lat' dir='ltr'>Quamquam</span> <span class='ocrx_word' id='word_1_211' title='bbox 1330 1901 1469 1958; x_wconf 88' lang='lat' dir='ltr'>video,</span> <span class='ocrx_word' id='word_1_212' title='bbox 1493 1919 1606 1949; x_wconf 87' lang='lat' dir='ltr'>non-</span> 
     </span>
     <span class='ocr_line' id='line_1_27' title="bbox 201 1967 1605 2035; baseline -0.006 -10"><span class='ocrx_word' id='word_1_213' title='bbox 201 1976 351 2025; x_wconf 86' lang='lat' dir='ltr'>nullos</span> <span class='ocrx_word' id='word_1_214' title='bbox 372 1975 494 2021; x_wconf 86' lang='lat' dir='ltr'>secus</span> <span class='ocrx_word' id='word_1_215' title='bbox 514 1973 732 2029; x_wconf 87' lang='lat' dir='ltr'>iudicare,</span> <span class='ocrx_word' id='word_1_216' title='bbox 765 1971 852 2020; x_wconf 77' lang='lat' dir='ltr'>siue</span> <span class='ocrx_word' id='word_1_217' title='bbox 873 1972 1039 2019; x_wconf 88' lang='lat' dir='ltr'>inscitia</span> <span class='ocrx_word' id='word_1_218' title='bbox 1061 1974 1264 2035; x_wconf 88' lang='lat' dir='ltr'>antiquae</span> <span class='ocrx_word' id='word_1_219' title='bbox 1284 1967 1528 2024; x_wconf 71' lang='lat' dir='ltr'>dostrinae,</span> <span class='ocrx_word' id='word_1_220' title='bbox 1555 1979 1605 2018; x_wconf 83' lang='lat' dir='ltr'>et</span> 
     </span>
     <span class='ocr_line' id='line_1_28' title="bbox 201 2037 1607 2108; baseline -0.003 -19"><span class='ocrx_word' id='word_1_221' title='bbox 201 2045 328 2108; x_wconf 89' lang='lat' dir='ltr'>quia,</span> <span class='ocrx_word' id='word_1_222' title='bbox 360 2040 484 2106; x_wconf 87' lang='lat' dir='ltr'>quod</span> <span class='ocrx_word' id='word_1_223' title='bbox 503 2043 602 2105; x_wconf 87' lang='lat' dir='ltr'>quis</span> <span class='ocrx_word' id='word_1_224' title='bbox 621 2044 817 2103; x_wconf 88' lang='lat' dir='ltr'>ignorat,</span> <span class='ocrx_word' id='word_1_225' title='bbox 852 2040 906 2088; x_wconf 89' lang='lat' dir='ltr'>ad</span> <span class='ocrx_word' id='word_1_226' title='bbox 925 2037 1374 2097; x_wconf 79' lang='lat' dir='ltr'>idcontemnendum</span> <span class='ocrx_word' id='word_1_227' title='bbox 1393 2037 1607 2101; x_wconf 61' lang='lat' dir='ltr'>procliui,</span> 
     </span>
     <span class='ocr_line' id='line_1_29' title="bbox 204 2105 1605 2174; baseline -0.004 -16"><span class='ocrx_word' id='word_1_228' title='bbox 204 2109 288 2165; x_wconf 81' lang='lat' dir='ltr'>est,</span> <span class='ocrx_word' id='word_1_229' title='bbox 333 2108 421 2156; x_wconf 77' lang='lat' dir='ltr'>siue</span> <span class='ocrx_word' id='word_1_230' title='bbox 444 2112 619 2174; x_wconf 78' lang='lat' dir='ltr'>potiuS,</span> <span class='ocrx_word' id='word_1_231' title='bbox 655 2119 704 2156; x_wconf 90' lang='lat' dir='ltr'>vt</span> <span class='ocrx_word' id='word_1_232' title='bbox 721 2111 1013 2173; x_wconf 85' lang='lat' dir='ltr'>interpretor,</span> <span class='ocrx_word' id='word_1_233' title='bbox 1050 2105 1340 2153; x_wconf 86' lang='lat' dir='ltr'>inconstantia</span> <span class='ocrx_word' id='word_1_234' title='bbox 1358 2115 1405 2152; x_wconf 90' lang='lat' dir='ltr'>et</span> <span class='ocrx_word' id='word_1_235' title='bbox 1423 2105 1605 2152; x_wconf 80' lang='lat' dir='ltr'>leuitate</span> 
     </span>
     <span class='ocr_line' id='line_1_30' title="bbox 199 2171 1604 2240; baseline -0.004 -14"><span class='ocrx_word' id='word_1_236' title='bbox 199 2177 443 2226; x_wconf 87' lang='lat' dir='ltr'>iudicandi.</span> <span class='ocrx_word' id='word_1_237' title='bbox 520 2182 643 2225; x_wconf 88' lang='lat' dir='ltr'>Nam</span> <span class='ocrx_word' id='word_1_238' title='bbox 665 2180 722 2224; x_wconf 86' lang='lat' dir='ltr'>ita</span> <span class='ocrx_word' id='word_1_239' title='bbox 743 2177 891 2223; x_wconf 90' lang='lat' dir='ltr'>sumus</span> <span class='ocrx_word' id='word_1_240' title='bbox 911 2176 1133 2240; x_wconf 86' lang='lat' dir='ltr'>plerique:</span> <span class='ocrx_word' id='word_1_241' title='bbox 1180 2191 1281 2221; x_wconf 89' lang='lat' dir='ltr'>cum</span> <span class='ocrx_word' id='word_1_242' title='bbox 1310 2171 1604 2221; x_wconf 84' lang='lat' dir='ltr'>commodum</span> 
     </span>
     <span class='ocr_line' id='line_1_31' title="bbox 199 2236 1603 2310; baseline -0.008 -16"><span class='ocrx_word' id='word_1_243' title='bbox 199 2244 283 2301; x_wconf 88' lang='lat' dir='ltr'>est,</span> <span class='ocrx_word' id='word_1_244' title='bbox 324 2246 597 2300; x_wconf 80' lang='lat' dir='ltr'>extollimus,</span> <span class='ocrx_word' id='word_1_245' title='bbox 641 2245 764 2310; x_wconf 90' lang='lat' dir='ltr'>quod</span> <span class='ocrx_word' id='word_1_246' title='bbox 782 2245 866 2291; x_wconf 85' lang='lat' dir='ltr'>alio</span> <span class='ocrx_word' id='word_1_247' title='bbox 886 2254 1115 2307; x_wconf 87' lang='lat' dir='ltr'>tempore,</span> <span class='ocrx_word' id='word_1_248' title='bbox 1158 2259 1262 2288; x_wconf 90' lang='lat' dir='ltr'>cum</span> <span class='ocrx_word' id='word_1_249' title='bbox 1279 2239 1399 2288; x_wconf 90' lang='lat' dir='ltr'>secus</span> <span class='ocrx_word' id='word_1_250' title='bbox 1425 2239 1493 2286; x_wconf 86' lang='lat' dir='ltr'>vel</span> <span class='ocrx_word' id='word_1_251' title='bbox 1529 2236 1603 2293; x_wconf 85' lang='lat' dir='ltr'>est,</span> 
     </span>
     <span class='ocr_line' id='line_1_32' title="bbox 199 2307 1602 2378; baseline -0.007 -16"><span class='ocrx_word' id='word_1_252' title='bbox 199 2314 273 2362; x_wconf 81' lang='lat' dir='ltr'>vel</span> <span class='ocrx_word' id='word_1_253' title='bbox 291 2312 487 2369; x_wconf 87' lang='lat' dir='ltr'>videtur,</span> <span class='ocrx_word' id='word_1_254' title='bbox 522 2314 836 2378; x_wconf 84' lang='lat' dir='ltr'>deprimimus3</span> <span class='ocrx_word' id='word_1_255' title='bbox 879 2323 926 2358; x_wconf 92' lang='lat' dir='ltr'>vt</span> <span class='ocrx_word' id='word_1_256' title='bbox 944 2311 1053 2357; x_wconf 89' lang='lat' dir='ltr'>fecit</span> <span class='ocrx_word' id='word_1_257' title='bbox 1074 2313 1119 2355; x_wconf 94' lang='lat' dir='ltr'>in</span> <span class='ocrx_word' id='word_1_258' title='bbox 1139 2308 1291 2356; x_wconf 88' lang='lat' dir='ltr'>eadem</span> <span class='ocrx_word' id='word_1_259' title='bbox 1310 2325 1359 2353; x_wconf 89' lang='lat' dir='ltr'>re</span> <span class='ocrx_word' id='word_1_260' title='bbox 1378 2307 1602 2362; x_wconf 82' lang='lat' dir='ltr'>Dallacus,</span> 
     </span>
     <span class='ocr_line' id='line_1_33' title="bbox 200 2375 1601 2445; baseline -0.006 -16"><span class='ocrx_word' id='word_1_261' title='bbox 200 2384 268 2429; x_wconf 87' lang='lat' dir='ltr'>vir</span> <span class='ocrx_word' id='word_1_262' title='bbox 287 2382 559 2445; x_wconf 88' lang='lat' dir='ltr'>antiquitatis</span> <span class='ocrx_word' id='word_1_263' title='bbox 595 2378 862 2428; x_wconf 86' lang='lat' dir='ltr'>Christianae</span> <span class='ocrx_word' id='word_1_264' title='bbox 882 2376 1208 2425; x_wconf 77' lang='lat' dir='ltr'>scientiffimus:</span> <span class='ocrx_word' id='word_1_265' title='bbox 1254 2377 1329 2439; x_wconf 89' lang='lat' dir='ltr'>qui</span> <span class='ocrx_word' id='word_1_266' title='bbox 1357 2391 1459 2420; x_wconf 91' lang='lat' dir='ltr'>cum</span> <span class='ocrx_word' id='word_1_267' title='bbox 1488 2375 1601 2420; x_wconf 90' lang='lat' dir='ltr'>anti·</span> 
     </span>
     <span class='ocr_line' id='line_1_34' title="bbox 199 2442 1602 2513; baseline -0.004 -18"><span class='ocrx_word' id='word_1_268' title='bbox 199 2450 383 2512; x_wconf 85' lang='lat' dir='ltr'>quitatis</span> <span class='ocrx_word' id='word_1_269' title='bbox 405 2446 666 2495; x_wconf 86' lang='lat' dir='ltr'>testimoniis</span> <span class='ocrx_word' id='word_1_270' title='bbox 686 2446 970 2513; x_wconf 89' lang='lat' dir='ltr'>premebatur</span> <span class='ocrx_word' id='word_1_271' title='bbox 984 2484 995 2502; x_wconf 96' lang='lat'>‚</span> <span class='ocrx_word' id='word_1_272' title='bbox 1032 2455 1132 2491; x_wconf 90' lang='lat' dir='ltr'>toto</span> <span class='ocrx_word' id='word_1_273' title='bbox 1155 2445 1268 2491; x_wconf 91' lang='lat' dir='ltr'>libro</span> <span class='ocrx_word' id='word_1_274' title='bbox 1285 2442 1403 2490; x_wconf 87' lang='lat' dir='ltr'>vsum</span> <span class='ocrx_word' id='word_1_275' title='bbox 1425 2446 1602 2489; x_wconf 87' lang='lat' dir='ltr'>Patrum</span> 
     </span>
     <span class='ocr_line' id='line_1_35' title="bbox 199 2509 1601 2578; baseline -0.008 -14"><span class='ocrx_word' id='word_1_276' title='bbox 199 2517 248 2564; x_wconf 88' lang='lat' dir='ltr'>in</span> <span class='ocrx_word' id='word_1_277' title='bbox 278 2514 599 2562; x_wconf 83' lang='lat' dir='ltr'>Controuerfiis</span> <span class='ocrx_word' id='word_1_278' title='bbox 627 2517 858 2578; x_wconf 86' lang='lat' dir='ltr'>religionis</span> <span class='ocrx_word' id='word_1_279' title='bbox 888 2514 1187 2578; x_wconf 84' lang='lat' dir='ltr'>impugnauit‚</span> <span class='ocrx_word' id='word_1_280' title='bbox 1234 2523 1278 2557; x_wconf 89' lang='lat' dir='ltr'>et</span> <span class='ocrx_word' id='word_1_281' title='bbox 1305 2519 1516 2573; x_wconf 87' lang='lat' dir='ltr'>quantum</span> <span class='ocrx_word' id='word_1_282' title='bbox 1551 2509 1601 2554; x_wconf 90' lang='lat' dir='ltr'>in</span> 
     </span>
     <span class='ocr_line' id='line_1_36' title="bbox 199 2572 1600 2647; baseline -0.005 -17"><span class='ocrx_word' id='word_1_283' title='bbox 199 2582 295 2643; x_wconf 83' lang='lat' dir='ltr'>ipso</span> <span class='ocrx_word' id='word_1_284' title='bbox 322 2582 426 2636; x_wconf 85' lang='lat' dir='ltr'>fuit,</span> <span class='ocrx_word' id='word_1_285' title='bbox 471 2581 695 2647; x_wconf 69' lang='lat' dir='ltr'>depressit:</span> <span class='ocrx_word' id='word_1_286' title='bbox 744 2580 942 2636; x_wconf 77' lang='lat' dir='ltr'>vicissim,</span> <span class='ocrx_word' id='word_1_287' title='bbox 986 2597 1089 2627; x_wconf 90' lang='lat' dir='ltr'>cum</span> <span class='ocrx_word' id='word_1_288' title='bbox 1121 2595 1223 2626; x_wconf 89' lang='lat' dir='ltr'>eum</span> <span class='ocrx_word' id='word_1_289' title='bbox 1256 2578 1304 2624; x_wconf 90' lang='lat' dir='ltr'>in</span> <span class='ocrx_word' id='word_1_290' title='bbox 1333 2577 1426 2640; x_wconf 85' lang='lat' dir='ltr'>pari</span> <span class='ocrx_word' id='word_1_291' title='bbox 1460 2572 1600 2623; x_wconf 78' lang='lat' dir='ltr'>cauffa</span> 
     </span>
    </p>
   </div>
   <div class='ocr_carea' id='block_1_3' title="bbox 198 2642 1598 2757">
    <p class='ocr_par' dir='ltr' id='par_1_3' title="bbox 198 2642 1598 2757">
     <span class='ocr_line' id='line_1_37' title="bbox 198 2642 1598 2716; baseline -0.007 -19"><span class='ocrx_word' id='word_1_292' title='bbox 198 2649 509 2716; x_wconf 83' lang='lat' dir='ltr'>deprimerent</span> <span class='ocrx_word' id='word_1_293' title='bbox 529 2650 760 2699; x_wconf 85' lang='lat' dir='ltr'>aduersarii</span> <span class='ocrx_word' id='word_1_294' title='bbox 776 2655 888 2708; x_wconf 82' lang='lat' dir='ltr'>eius,</span> <span class='ocrx_word' id='word_1_295' title='bbox 917 2649 1107 2697; x_wconf 67' lang='lat' dir='ltr'>Adamas</span> <span class='ocrx_word' id='word_1_296' title='bbox 1129 2658 1174 2693; x_wconf 85' lang='lat' dir='ltr'>et</span> <span class='ocrx_word' id='word_1_297' title='bbox 1197 2646 1447 2696; x_wconf 73' lang='lat' dir='ltr'>Cottibaeus,</span> <span class='ocrx_word' id='word_1_298' title='bbox 1466 2642 1598 2706; x_wconf 88' lang='lat' dir='ltr'>plane</span> 
     </span>
     <span class='ocr_line' id='line_1_38' title="bbox 1423 2722 1594 2757; baseline -0.006 0"><span class='ocrx_word' id='word_1_299' title='bbox 1423 2722 1594 2757; x_wconf 83' lang='lat' dir='ltr'>contra·</span> 
     </span>
    </p>
   </div>
  </div>
 </body>
</html>
