1682 3068
171 194 270 248 358
543 199 801 231 mama-As
841 202 911 234 εἰ·
959 202 1197 234 vanu-as

168 305 383 356 bonitatis
404 303 599 364 diuinae,
638 305 713 355 sub
731 306 803 355 illa
819 307 980 373 specie,
1021 306 1209 357 sensibus
1238 309 1444 358 humanis
1476 322 1568 361 tam

172 375 490 434 contemtibili,
519 376 719 432 latentis,
759 376 949 424 suauiter
968 378 1362 442 perfunderentur,
1395 381 1442 426 in
1477 399 1567 444 quo

171 445 364 489 maxima
394 454 440 497 et
465 445 855 510 praecipua-huius
874 448 1091 510 temporis
1113 446 1313 513 religiose
1330 457 1376 492 et
1396 447 1568 497 salubri-

173 521 245 558 ter
273 510 540 572 transigendi
568 513 671 577 pai-s'
690 510 828 576 posita
849 511 980 560 debet
999 511 1237 561 existimari.

249 583 364 626 “Iam
385 595 470 627 nos
488 596 580 627 non
597 580 703 635 sumi
755 598 804 643 us
825 581 954 628 nobis
977 582 1087 638 hoc,
1119 578 1486 645 vtvdpmon‘straro
1502 601 1570 630 ra-

172 642 547 713 tioneperspicua
568 646 614 694 et
634 597 781 695 subgili
799 647 1083 712 suscipiamus
1097 685 1107 703 ‚
1145 643 1375 714 'quomodo
1397 642 1571 698 diuinae

173 727 359 762 naturae
382 717 569 763 humana
587 718 716 775 iungi
732 715 787 762 ad
806 718 1021 780 personae
1047 719 1258 765 vnitatem
1285 717 1438 782 poffit,
1479 723 1571 783 qui·

130 844 133 848 ,
171 799 262 847 que
284 781 333 829 fit
359 784 473 831 illius
493 781 842 840 coniunffionis,
883 802 908 830 e
938 785 1106 832 naturis
1128 782 1293 833 duabus
1320 786 1573 848 intelligen-

170 850 291 897 tibus
312 868 442 898 vnam
464 849 697 915 personam
713 849 948 899 efficientis
969 851 1157 899 modus:
1200 854 1299 915 quis
1329 855 1447 900 enim
1482 856 1572 901 hoc

170 917 254 971 fibi
267 918 440 982 sumere
456 917 652 979 audeat?
684 919 873 984 ‘quando
902 937 986 967 nec
1018 921 1150 979 huius
1180 917 1354 966 nostrae
1384 924 1571 974 coniun-

171 982 352 1042 Eti‘onisg
393 1003 510 1050 quae
528 989 686 1034 animo
702 989 923 1052 cuiusque
941 1003 1046 1048 cum
1066 982 1258 1051 corpore
1286 986 1364 1035 suo
1381 985 1571 1036 interce*-

170 1050 246 1107 dit,
270 1053 455 1102 modum
471 1055 544 1102 vel
563 1055 811 1114 intelligere
830 1058 1064 1119 quisquam
1085 1055 1156 1101 vei
1177 1054 1390 1118 explicare
1399 1059 1573 1103 ratione

168 1120 337 1186 potest,
390 1139 654 1188 quamquam
692 1120 881 1168 sensibus
918 1120 1075 1168 nostris
1101 1117 1436 1185 quodammodo
1461 1122 1574 1170 'sub'-

170 1186 320 1251 iefiiae.
416 1194 561 1238 Immo
593 1206 701 1238 vero
722 1206 832 1236 vcum
864 1190 1083 1254 Gregorio
1107 1189 1295 1254 Nyffejno
1322 1186 1362 1252 ¹)
1400 1186 1452 1254 τᾷ
1476 1189 1574 1248 πῶς

170 1255 304 1303 huius
326 1259 621 1321 copulationis
635 1254 647 1314 ,μ
681 1255 737 1313 ὦς
756 1251 919 1323 μεῖζον,
965 1254 990 1314 ἢ
1015 1255 1139 1308 aaron*
1156 1259 1389 1323 λογισμῶν
1404 1252 1574 1325 &speeiem

171 1319 375 1392 ὃιεξευνᾷν
399 1323 755 1393 παραιτέμεθοι·
805 1330 966 1374 modum
987 1330 1091 1383 eius,
1129 1334 1178 1374 vt
1195 1325 1423 1389 inaccefficm
1443 1330 1574 1374 ratle-

170 1396 370 1440 cinationi
386 1395 605 1448 humanae,
638 1395 835 1458 firmari
853 1394 1200 1458 nonsteftinemm.
1278 1391 1365 1439 Sed
1382 1393 1496 1457 illud
1511 1399 1575 1450 'tt'-

171 1475 277 1507 men
299 1461 553 1526 perspiciet
573 1461 781 1510 declarari
798 1460 921 1527 posse
940 1452 1214 1518 arbitramur,
1233 1462 1278 1508 in
1299 1461 1371 1507 illa
1390 1461 1573 1508 eonium*-

168 1524 343 1583 fflone‘,
382 1546 497 1593 quae
518 1531 664 1588 claris,
702 1541 749 1576 et
766 1530 884 1576 nulla
913 1528 1130 1594 probabili
1159 1530 1402 1576 rationein
1435 1529 1573 1577 alium

170 1595 347 1644 sensum
366 1597 649 1661 torquendis,
693 1598 922 1645 literarum
943 1597 1159 1645 sacrarum
1179 1595 1442 1644 testimoniis
1465 1597 1574 1642 nita·

170 1674 258 1721 tur,
288 1676 337 1711 vt
356 1663 466 1712 haec
485 1667 619 1712 animi
636 1663 771 1711 nostri
792 1681 895 1711 cum
914 1672 1121 1727 corpore,
1155 1661 1461 1710 testificatione
1480 1663 1571 1709 sen·

169 1730 300 1780 suum
325 1729 600 1789 nostrorum,
629 1733 739 1789 nihil
757 1729 843 1777 esse
857 1767 868 1786 ,
901 1730 1024 1795 quod
1044 1742 1222 1778 naturae
1239 1746 1388 1778 rerum
1407 1729 1571 1778 diuina-

168 1815 269 1848 rum
302 1799 686 1862 humanarumque
705 1807 947 1862 repugnet.
1023 1846 1025 1848 ,
1081 1823 1084 1826 ·

269 1871 419 1930 Atque
438 1877 487 1913 vt
513 1867 708 1931 primum
736 1867 856 1912 illam
885 1866 1113 1912 literarum
1136 1865 1352 1928 sacrarum
1372 1863 1572 1912 testifica·

169 1935 346 1983 tionem
363 1935 656 1996 attingamus,
698 1935 824 1980 cuius
856 1931 1061 1996 profesto
1091 1949 1183 1979 non
1211 1932 1350 1981 modo
1371 1946 1464 1978 non
1493 1933 1573 1978 mi-

167 1998 282 2057 nor,
318 2001 390 2047 sed
411 2004 543 2048 etiam
567 2002 722 2059 maior,-
749 1999 880 2058 debet
898 1997 986 2046 effe
1007 1998 1258 2057 austorieas,
1292 1993 1574 2078 qunm'ip'sm's

166 2069 373 2117 sensuum
399 2067 655 2120 nostrorum
683 2065 944 2115 testimonii:
988 2067 1083 2131 quis
1120 2065 1268 2131 potest
1294 2083 1399 2114 cum
1428 2066 1573 2131 aliqua

169 2139 262 2184 veri
286 2137 427 2203 specie
454 2136 675 2192 dubitare,
720 2152 835 2192 eam,
878 2133 908 2180 si
937 2136 1087 2181 omnia
1115 2136 1196 2182 alia
1222 2131 1573 2201 testimoniasvd

170 2203 328 2259 desint,
375 2205 445 2251 vel
476 2203 685 2251 debilitari
713 2214 790 2251 aut
821 2202 942 2249 eludi
972 2204 1270 2263 grammaticis
1297 2212 1376 2250 aut
1403 2202 1571 2247 criticis

169 2272 417 2320 rationibus
440 2270 623 2336 poffint,
663 2289 761 2318 eam
793 2272 928 2331 igitur
945 2270 1061 2316 clare
1089 2268 1221 2316 ineffe
1237 2273 1285 2317 in
1302 2285 1394 2316 vno
1413 2267 1573 2317 Iohan-

168 2342 236 2387 nis
255 2338 412 2392 verbo5
449 2343 497 2399 (Ι,
527 2343 619 2402 14.)
641 2338 766 2400 quod
785 2335 919 2400 λόγον
935 2334 1569 2419 σάςκαρῆαηι;Ρτυηυηέίιτ.

167 2411 292 2453 Nam
311 2408 438 2453 illum
458 2404 591 2470 λόγον
611 2405 695 2454 effe
713 2408 900 2470 aliquam
922 2403 1156 2461 ὐποςασιν,
1178 2414 1378 2452 naturam
1399 2416 1569 2468 perma-

168 2485 355 2521 nentem
376 2485 422 2521 et
440 2476 685 2541 personam,
717 2490 903 2538 eamque
925 2472 1139 2529 diuinam,
1168 2482 1264 2519 tum
1283 2480 1425 2518 cetera
1446 2470 1571 2533 supe*

169 2544 299 2590 rioris
321 2545 537 2590 orationis
562 2551 754 2602 arguunt
776 2540 1005 2598 attributa,
1042 2556 1155 2604 quae
1179 2537 1260 2602 nili
1274 2540 1319 2585 in
1336 2536 1571 2602 personam

172 2608 373 2657 diuinam
392 2627 486 2657 non
508 2609 693 2666 cadunt,
731 2620 828 2657 tum
847 2611 1036 2656 maxime
1063 2610 1158 2655 eius
1177 2622 1281 2656 cum
1311 2605 1388 2673 υἱῷ
1404 2604 1460 2656 τ”ἔ
1477 2622 1568 2653 ποι-

1469 2669 1569 2736 τςδς

229 2755 272 2803 1)
301 2751 486 2794 Catechet.
509 2766 539 2794 c.
557 2764 629 2797 ιι·
