1682 3068
181 200 295 263 ..196
516 215 799 256 vmmcnut
834 218 1086 251 ananan
1120 222 1173 251 m
1183 223 1304 254 vnn

121 383 125 385 Β
193 332 324 391 parte
344 319 593 370 docebitur.
661 327 805 373 Nunc
821 342 955 373 vnum
987 329 1077 374 hoe
1103 328 1350 393 praelibare
1369 347 1420 390 ex
1437 332 1506 381 illa
1526 330 1604 382 dis-

193 393 436 459 putatione
456 393 613 455 placet,
649 394 1030 442 accommodatam
1060 397 1180 443 illam
1209 399 1429 446 rationem
1447 400 1603 449 huma·

191 477 277 507 nae
294 458 584 507 imbecillitati
605 458 711 517 fore,
724 456 766 507 ‘fi
789 462 834 508 in
854 479 903 509 ea
921 464 1106 510 redeant
1126 466 1287 520 omnia,
1321 467 1368 513 in
1389 469 1602 534 accipien-

193 527 256 576 do
279 528 474 594 quidem,
509 528 561 575 ad
586 525 863 585 beneficium,
900 533 945 576 in
966 531 1137 592 agendo
1159 524 1308 580 autem
1330 533 1384 580 ad
1405 533 1609 585 efficien·;
1678 529 1682 533 ⁴

191 599 301 645 tiam
324 606 370 643 et
388 596 596 644 auxilium
616 595 843 652 diuinum
873 599 1212 647 consentaneam
1235 611 1383 648 autem
1407 602 1600 652 sanstita-

189 667 224 711 ti
245 663 422 712 diuinae
444 662 650 719 futuram,
668 661 699 709 fi
722 666 855 711 etiam
882 665 934 712 ad
954 667 1025 714 illa
1046 669 1134 732 ipsa
1156 670 1370 716 naturalia
1389 681 1436 717 et
1456 673 1602 720 neces-

188 733 298 781 saria
317 729 462 780 officia
482 729 678 787 adducat,
706 748 959 796 eorumque
978 733 1335 783 obseruationem
1356 736 1600 788 faciliorem

191 811 240 849 et
266 798 569 848 iucundiorem
599 798 766 846 reddat.
839 804 954 857 Quis
984 813 1132 849 autem
1165 819 1258 850 non
1289 805 1386 851 talis
1417 809 1610 855 rationis

186 865 486 917 instituendae
507 883 602 914 non
622 867 762 914 modo
791 869 858 915 ius
886 879 932 915 et
959 868 1225 933 potestatem
1249 876 1348 918 Deo
1369 874 1601 933 concedat,

187 936 275 995 sed,
294 933 326 983 fi
346 935 493 983 oblata
511 933 576 991 sit,
587 934 808 983 summum
832 946 878 983 et
887 940 986 984 Deo
1006 936 1303 999 digniffimum
1326 939 1607 991 beneficium·

190 1005 368 1053 homini
388 1001 610 1051 tributum
628 1003 847 1050 fateatur?

218 1134 223 1140 .
277 1088 356 1134 23.
391 1072 652 1125 Enimuero,
673 1071 756 1118 hac
782 1071 1048 1119 conditione
1066 1088 1225 1120 omnes
1238 1073 1443 1120 homines
1464 1085 1593 1124 natos

188 1138 287 1198 effe,
318 1149 367 1187 vt
394 1157 418 1186 a
448 1138 489 1185 se
510 1154 594 1184 nec
619 1138 762 1185 velint
787 1138 912 1196 serio,
947 1157 1032 1187 nec
1047 1139 1212 1204 poffint
1231 1158 1333 1187 vere
1350 1141 1595 1189 satisfacere

183 1210 341 1274 pietati
362 1208 406 1254 in
427 1210 592 1262 Deum,
626 1204 872 1272 officiisque
902 1209 1063 1254 ceteris
1090 1206 1338 1255 neceffariis
1359 1222 1406 1255 et
1423 1222 1595 1258 natura-

185 1276 310 1330 libus,
344 1274 447 1335 lege
467 1273 613 1320 diuina
631 1275 815 1328 sancitis,
840 1274 883 1320 id
903 1273 1080 1338 quidem
1103 1286 1150 1321 et
1165 1275 1240 1324 suo
1263 1278 1450 1340 quisque
1470 1278 1594 1325 sensu

186 1342 357 1391 discere
375 1339 530 1406 potest,
551 1338 631 1387 nifi
651 1340 726 1388 fibi
746 1341 855 1388 velit
872 1342 1113 1389 admodum
1134 1340 1344 1399 assentari,
1364 1344 1594 1409 et‘sapien·

185 1409 335 1459 tissimi
363 1411 552 1474 quique,
594 1409 687 1456 hoc
711 1406 793 1465 est,
835 1412 913 1473 qui
940 1407 1154 1475 semetipsi
1186 1412 1358 1475 optime
1384 1415 1604 1474 cognitos.-
1661 1442 1670 1455 ι

184 1478 418 1534 haberent,
439 1476 700 1524 iudicarunt.
769 1476 856 1524 Sed
878 1477 1102 1525 clariffime
1123 1476 1394 1526 demonstrat
1415 1481 1602 1527 Paullum
1663 1469 1672 1478 ἢ

185 1557 232 1595 et
250 1546 484 1602 vberrime,
516 1561 604 1591 nec
621 1545 880 1601 naturalem,
913 1561 998 1591 nec
1027 1563 1108 1609 per
1125 1546 1286 1592 Mosen
1307 1546 1511 1595 traditam
1533 1547 1602 1593 le·-

184 1632 306 1678 gem,
344 1630 458 1678 quae
485 1610 550 1658 est
575 1630 602 1658 e
631 1613 817 1659 naturali
844 1610 1046 1675 expressa,
1077 1613 1285 1659 homines
1305 1630 1327 1658 a
1346 1615 1460 1660 vitiis
1480 1630 1591 1660 auo-

182 1681 312 1736 caffe,
327 1692 374 1728 et
393 1680 444 1728 ad
463 1697 611 1727 veram
631 1676 964 1743 perfestamque
984 1680 1195 1726 virtutem
1217 1678 1446 1738 adduxisse,
1463 1683 1600 1729 Rom:

182 1754 234 1813 Ι,
260 1759 332 1806 18.
349 1748 446 1812 sqq·
469 1750 530 1802 II,
554 1765 593 1795 1.
613 1748 708 1811 sqq.
730 1747 820 1802 III,
839 1762 969 1808 9-20.
991 1758 1240 1811 propterea,
1274 1748 1397 1810 quod
1413 1744 1484 1795 'ita
1501 1749 1598 1795 ho«

184 1820 331 1865 mines
352 1816 468 1862 vitiis
489 1824 534 1861 et
550 1813 863 1879 cupiditatibus
889 1811 973 1860 {int
991 1824 1145 1861 natura
1166 1814 1238 1861 sua
1259 1813 1420 1862 addiffi
1441 1827 1488 1864 et
1509 1815 1599 1863 ob·.
1650 1816 1667 1867 ,¹

182 1887 380 1940 noxii,vt
399 1881 451 1930 ab
469 1884 520 1928 iis
539 1881 620 1941 sua,
641 1891 718 1928 aut
735 1882 844 1943 legis
865 1884 1170 1945 cuiuscunque
1188 1885 1229 1928 vi
1248 1880 1433 1929 abstrahi
1455 1893 1598 1946 atque.

182 1952 383 2009 liberari,
418 1959 465 1997 et
491 1951 583 2012 legi
613 1949 657 1997 di
690 1950 699 1959 “
735 1966 798 2007 ae,
831 1967 917 2013 qua
944 1950 1159 1997 naturalia
1189 1950 1263 1996 illa
1283 1961 1331 1996 et
1354 1949 1594 1998 necessaria.
1653 1969 1665 2005 ῖς

186 2019 332 2070 officia
350 2019 615 2078 sanciuntur,
635 2028 664 2064 o
725 2016 817 2064 dire
836 2033 885 2063 ac
907 2016 1147 2064 satisfacere
1166 2033 1260 2064 non
1281 2016 1455 2080 poffint.
1479 2018 1586 2075 VII,

182 2101 228 2153 7.
238 2089 338 2154 filq.
360 2097 403 2135 et
429 2083 560 2141 VIII,
586 2101 629 2148 3.
696 2088 748 2131 In
770 2102 861 2149 quo
893 2085 967 2132 ille
995 2085 1117 2133 nullo
1143 2096 1409 2145 argumento
1437 2087 1592 2142 nitur,-

181 2156 307 2222 quod
327 2171 422 2202 non
443 2155 603 2219 quiuis,
631 2154 762 2199 etiam
785 2169 876 2199 non
899 2153 1142 2213 agnoscens
1173 2152 1442 2200 diuinitatem
1460 2154 1583 2200 Paul·

179 2225 261 2272 lini
280 2223 441 2288 scripti,
458 2220 695 2283 agnoscere
714 2236 765 2267 ac
786 2220 1034 2268 concedere
1054 2219 1217 2267 debere
1235 2219 1444 2267 videatur.
1473 2223 1586 2268 Sunt

185 2293 307 2338 enim
328 2293 480 2338 omnia
502 2287 629 2336 dusta
656 2286 708 2335 ab
737 2290 1001 2349 experientia
1022 2299 1066 2336 et
1083 2288 1157 2335 vsu
1178 2290 1378 2335 omnium
1399 2285 1490 2333 fine
1511 2304 1582 2334 ex·
1656 2340 1659 2345 (

183 2360 392 2423 ceptione
411 2368 683 2422 temporum,
714 2370 761 2402 et
789 2355 910 2402 sensu
938 2358 1154 2420 cuiusque
1172 2358 1372 2410 interno;
1403 2351 1582 2402 firman·
1656 2382 1658 2386 >

182 2438 348 2491 turque
364 2425 576 2473 consensu
596 2440 647 2470 ac
659 2422 919 2470 testimoniis
938 2424 1185 2479 hominum,
1205 2438 1396 2487 quorum
1417 2422 1583 2487 sapien·

180 2496 287 2546 tiam
308 2504 355 2541 et
378 2495 587 2540 virtutem
611 2489 800 2547 libenter
818 2488 1048 2547 ostentant,
1077 2501 1210 2554 atque
1231 2485 1497 2536 Christianae
1514 2507 1583 2536 re-

156 2561 342 2622 -ligioni
371 2570 614 2625 opponunt
634 2560 675 2615 ii,
703 2569 859 2606 contra
887 2576 1001 2622 quos
1023 2557 1301 2622 disputamus.
1370 2555 1422 2601 ld
1453 2557 1581 2621 quale

178 2625 247 2683 fit,
284 2630 447 2693 paucis,
467 2645 554 2694 pro
572 2623 756 2675 instituti
774 2629 956 2683 ratione,
993 2626 1140 2673 dicere
1167 2640 1260 2670 non
1284 2623 1475 2677 alienum
1495 2641 1582 2689 pu-

177 2704 337 2749 tamus.
1662 2735 1664 2737 ,

1382 2774 1457 2819 24.
1486 2758 1576 2804 Pri·
1650 2826 1651 2829 Ἰ
