1682 3068
125 132 192 180 40
709 131 931 165 Ant-rx

113 255 231 286 rcum
254 234 476 303 spestabili
495 252 630 302 pane,
674 252 837 301 corpus
861 235 1045 292 Christi,
1090 235 1541 304 inadspeaabiliqua·

128 307 227 353 darn
250 310 440 358 ratione,
472 306 785 365 coniungatur.
830 306 969 358 Quod
991 305 1244 353 confirmari
1268 305 1417 372 potest
1436 307 1540 355 loco

128 378 353 435 Litut-giae
385 378 424 420 S.
450 375 652 438 Gregorii
672 388 740 438 ap.
762 373 1056 421 Renaldotium
1090 378 1179 431 (T.
1200 378 1231 420 1.
1253 392 1296 439 p.
1323 391 1395 434 35.
1426 371 1542 421 med.

131 439 178 490 et
210 461 226 490 1
247 452 299 496 ¹8
325 445 344 503 )
390 440 581 504 purifica
601 458 694 495 nos,
727 438 871 503 inquit
892 441 1108 499 sacerdos,
1138 441 1543 510 ficutifimfflificcrsti

130 511 206 560 has
228 512 456 556 oblationes
469 508 732 575 propositas,
766 506 952 572 etfeczsti
972 512 1064 556 illas
1081 512 1293 579 invisibiles
1313 528 1364 556 ex
1384 513 1543 577 visibili-

72 594 83 607 ¹¹
132 582 205 632 bus
227 588 311 623 cet.
387 579 564 625 Etenim
585 578 754 623 clarum
771 572 854 633 est,
898 577 1065 623 horum
1097 577 1340 624 verborum
1374 577 1558 626 sensum'

134 643 243 691 esse:
285 642 535 709 fecistique,
573 655 622 690 vt
651 644 755 707 pani
787 653 834 689 et
865 646 969 691 vino
1001 643 1147 692 vifibili
1179 644 1396 691 inuisibile
1429 646 1546 708 quid,

134 713 178 761 h.
192 730 228 760 e.
243 716 418 774 Corpus
441 724 485 759 et
508 715 548 759 S.
563 715 610 759 C.
626 710 952 771 adiungeretur.
986 717 1107 760 Nam
1129 711 1376 759 oblationes
1400 714 1545 761 adhuc

137 790 264 827 erant
287 777 498 837 vifibiles‚
538 797 642 828 cum
674 795 747 825 eas
769 779 894 826 velut
923 780 1064 843 digito
1089 778 1427 840 demonstraret,
1469 785 1546 830 has

141 851 383 897 oblationes.

235 993 382 1047 Atque
405 983 464 1030 ita
483 981 672 1031 arbitror
691 982 789 1031 satis
819 981 1053 1048 perspicue
1078 980 1163 1030 esse
1184 979 1548 1040 demonstratum,

56 1103 61 1106 ,
137 1052 248 1100 nihil
267 1068 447 1104 eorum,
473 1068 588 1114 quae
610 1053 877 1098 llIuratorius
895 1052 1046 1098 attulit
1068 1069 1092 1097 e
1112 1053 1320 1112 Liturgiis
1344 1053 1551 1115 antiquis,

90 1164 95 1166 .
139 1112 228 1179 vim
246 1121 433 1183 aliquam
453 1118 618 1165 habere
639 1119 692 1165 ad
713 1117 1059 1166 labefafi'tandam
1082 1116 1254 1166 nostrae
1277 1119 1458 1183 quidem
1471 1122 1549 1181 Ee·

139 1185 294 1236 clefiae
314 1187 600 1244 sententiam,
643 1197 690 1232 et
711 1185 1006 1234 stabiliendam
1030 1198 1185 1234 contra
1206 1187 1350 1241 illam,
1389 1189 1551 1241 Roma·>

142 1249 223 1305 riae
244 1251 462 1302 Ecclessae
482 1266 721 1317 tantopere
742 1254 986 1317 probatam,
1007 1251 1374 1321 μεταμᾶςφωσιν.
1417 1253 1551 1301 Nihil
1590 1246 1593 1249 μ

142 1323 332 1388 amplius
356 1340 378 1368 a
400 1322 533 1369 nobis
553 1319 763 1386 postulari
781 1321 948 1385 potest,
993 1325 1070 1384 qui
1092 1323 1203 1369 nihil
1232 1321 1372 1377 aliud,
1416 1338 1553 1383 quam

144 1389 480 1439 Muratorianae
512 1389 822 1452 disputationis
866 1388 1219 1436 confutationem
1260 1387 1553 1453 promisimus.

143 1464 315 1508 Verum
337 1474 431 1504 non
453 1474 636 1518 agemus
661 1473 686 1502 e
703 1456 972 1520 syngrapha:
994 1455 1066 1504 sed
1086 1455 1266 1522 aliquod
1285 1456 1391 1503 huic
1410 1456 1553 1520 dispu-

146 1526 310 1575 tationi
355 1526 480 1572 velut
526 1523 770 1577 autlarium
818 1524 1099 1580 adiiciemus,
1166 1521 1553 1587 ostendemusque,

147 1590 320 1642 nostrae
341 1590 554 1640 Ecclesiae
586 1591 848 1637 sententiam
869 1593 1078 1652 Liturgiis
1113 1592 1335 1656 praeclare
1365 1590 1555 1642 firmari:

144 1660 176 1710 fi
197 1659 526 1713 firmamentum
547 1655 676 1707 estin
696 1660 855 1705 veteris
875 1659 1090 1706 Ecclesiae
1109 1659 1337 1706 consensu.
1390 1661 1437 1704 In
1463 1676 1554 1722 quo

145 1729 498 1795 praetermittam
522 1724 720 1786 vniuerse
740 1725 903 1776 docere
923 1726 986 1780 id,
1031 1726 1151 1790 quod
1173 1727 1412 1775 Blondellus
1437 1725 1554 1772 insti-
1581 1759 1593 1771 .

146 1798 237 1844 tuit
267 1792 565 1854 demonstrare
601 1792 701 1850 (sur
729 1792 1027 1840 l’Eucharistie
1055 1811 1090 1839 c.
1124 1801 1228 1852 2¹.)
1308 1798 1559 1842 Romanam

148 1863 269 1912 illam
310 1859 651 1912 conuersionem
692 1859 907 1907 aduersari
946 1859 1099 1908 Missae
1139 1863 1331 1909 Canoni:
1382 1863 1430 1908 in
1470 1878 1559 1925 qua

149 1933 224 1980 ille
255 1927 629 1978 demonstratione
658 1927 757 1974 suae
788 1931 926 1988 magis
954 1927 1172 1976 Ecclesiae
1198 1927 1380 1976 caussam
1411 1931 1556 1992 priua·

149 2002 236 2047 tim
257 1999 370 2059 egit,
402 2014 538 2062 quam
566 2012 855 2042 communem
878 2011 922 2043 et
941 1995 1128 2043 nostrae.
1178 1999 1223 2044 Si
1243 1996 1560 2059 coniunffionem

150 2068 277 2131 panis
307 2076 354 2111 et
382 2065 584 2128 corporis
603 2061 763 2111 Christi
791 2065 904 2110 clare
931 2063 1062 2112 ineffe
1084 2066 1292 2125 Liturgiis
1313 2061 1563 2118 ostendero,

152 2133 264 2182 illud
286 2149 466 2198 quoque
482 2130 554 2193 sua
578 2130 735 2194 sponte
755 2133 1038 2194 intelligetur.
1093 2132 1178 2178 Sed
1196 2129 1244 2179 vt
1264 2132 1317 2178 ab
1336 2132 1425 2178 aliis
1446 2132 1564 2178 hanc

154 2202 441 2262 diligentiam
466 2197 766 2264 postulamuS,
808 2210 855 2246 vt
879 2217 936 2246 ne
963 2198 1203 2256 verborum
1231 2201 1340 2247 sono
1369 2197 1562 2262 decepti,

154 2266 370 2328 affingant
390 2267 819 2328 Liturgiisalienam
850 2266 1139 2326 sententiam,
1175 2269 1347 2329 ita‘nos
1377 2282 1560 2331 quoque

155 2353 250 2397 eam
279 2332 521 2382 lestoribus
543 2331 706 2382 nostris
725 2331 887 2382 debere
906 2345 1124 2399 putamus,
1175 2339 1332 2399 ltaque
1353 2350 1444 2382 non
1467 2344 1562 2380 vte-

157 2420 261 2457 mur
281 2401 599 2450 Mozarabicae
617 2402 840 2464 Litnrgiae
857 2403 1001 2450 verbis
1015 2438 1025 2457 ‚
1062 2404 1107 2449 in
1137 2403 1298 2467 quibus
1318 2401 1562 2450 comunem
1593 2447 1598 2449 ,

156 2474 349 2534 corporis
366 2479 409 2517 et
415 2470 637 2534 sanguinis
657 2469 809 2533 Christi
829 2480 1126 2530 memoratur:
1156 2472 1217 2518 Et
1231 2471 1454 2532 conimfiio
1475 2485 1562 2515 cor-

155 2542 275 2601 poris
302 2547 343 2585 et
360 2538 583 2602 sanguinis
606 2539 666 2584 D.
686 2539 746 2587 N.
763 2537 809 2585 Ἰ.
831 2538 880 2586 C.
889 2538 953 2606 fit
966 2537 1224 2600 sumentibus
1248 2545 1292 2585 et
1315 2535 1564 2600 potantibus

157 2609 342 2669 nobisad
358 2608 531 2654 veniam.
560 2608 685 2651 Nam
701 2603 760 2653 ibi
778 2605 1096 2656 coniunfflonem
1112 2604 1196 2654 effe
1215 2600 1438 2661 κοινωνίαν,
1451 2621 1565 2669 quae

1510 2669 1563 2718 fit
