<?xml version="1.0" encoding="UTF-8"?>
<!DOCTYPE html PUBLIC "-//W3C//DTD XHTML 1.0 Transitional//EN"
    "http://www.w3.org/TR/xhtml1/DTD/xhtml1-transitional.dtd">
<html xmlns="http://www.w3.org/1999/xhtml" xml:lang="en" lang="en">
 <head>
  <title>
</title>
<meta http-equiv="Content-Type" content="text/html;charset=utf-8" />
  <meta name='ocr-system' content='tesseract 3.04.00' />
  <meta name='ocr-capabilities' content='ocr_page ocr_carea ocr_par ocr_line ocrx_word'/>
</head>
<body>
  <div class='ocr_page' id='page_1' title='image "./opusculatheologi00erneuoft_0592.png"; bbox 0 0 1650 3060; ppageno 0'>
   <div class='ocr_carea' id='block_1_1' title="bbox 180 130 1382 183">
    <p class='ocr_par' dir='ltr' id='par_1_1' title="bbox 180 130 1382 183">
     <span class='ocr_line' id='line_1_1' title="bbox 180 130 1382 183; baseline 0.007 -16"><span class='ocrx_word' id='word_1_1' title='bbox 180 130 280 183; x_wconf 81' lang='lat'>570</span> <span class='ocrx_word' id='word_1_2' title='bbox 417 136 603 169; x_wconf 74' lang='lat' dir='ltr'>noGMA</span> <span class='ocrx_word' id='word_1_3' title='bbox 640 139 704 169; x_wconf 77' lang='lat' dir='ltr'>DE</span> <span class='ocrx_word' id='word_1_4' title='bbox 737 139 1044 171; x_wconf 65' lang='lat' dir='ltr'>’runnu-11:</span> <span class='ocrx_word' id='word_1_5' title='bbox 1077 141 1349 176; x_wconf 70' lang='lat' dir='ltr'>Anvmvs</span> <span class='ocrx_word' id='word_1_6' title='bbox 1374 151 1382 162; x_wconf 55' lang='lat' dir='ltr'>s</span> 
     </span>
    </p>
   </div>
   <div class='ocr_carea' id='block_1_2' title="bbox 126 244 1611 988">
    <p class='ocr_par' dir='ltr' id='par_1_2' title="bbox 126 244 1611 988">
     <span class='ocr_line' id='line_1_2' title="bbox 181 244 1583 313; baseline 0.005 -21"><span class='ocrx_word' id='word_1_7' title='bbox 181 260 285 292; x_wconf 85' lang='lat' dir='ltr'>cum</span> <span class='ocrx_word' id='word_1_8' title='bbox 321 244 495 290; x_wconf 81' lang='lat' dir='ltr'>vnitate</span> <span class='ocrx_word' id='word_1_9' title='bbox 515 245 601 297; x_wconf 81' lang='lat' dir='ltr'>Dei</span> <span class='ocrx_word' id='word_1_10' title='bbox 632 254 913 310; x_wconf 51' lang='lat' dir='ltr'>naturaeque¹</span> <span class='ocrx_word' id='word_1_11' title='bbox 938 246 1128 307; x_wconf 86' lang='lat' dir='ltr'>diuinae,</span> <span class='ocrx_word' id='word_1_12' title='bbox 1175 249 1423 313; x_wconf 77' lang='lat' dir='ltr'>intelligere</span> <span class='ocrx_word' id='word_1_13' title='bbox 1460 251 1583 311; x_wconf 72' lang='lat' dir='ltr'>nnsso</span> 
     </span>
     <span class='ocr_line' id='line_1_3' title="bbox 179 309 1582 382; baseline 0.004 -22"><span class='ocrx_word' id='word_1_14' title='bbox 179 309 321 360; x_wconf 88' lang='lat' dir='ltr'>modo</span> <span class='ocrx_word' id='word_1_15' title='bbox 361 311 597 375; x_wconf 81' lang='lat' dir='ltr'>poffimus3</span> <span class='ocrx_word' id='word_1_16' title='bbox 624 313 1006 362; x_wconf 75' lang='lat' dir='ltr'>nam.eonsentire</span> <span class='ocrx_word' id='word_1_17' title='bbox 1033 334 1154 364; x_wconf 83' lang='lat' dir='ltr'><strong>cum·</strong></span> <span class='ocrx_word' id='word_1_18' title='bbox 1177 333 1249 364; x_wconf 59' lang='lat' dir='ltr'>ev</span> <span class='ocrx_word' id='word_1_19' title='bbox 1271 316 1462 382; x_wconf 72' lang='lat' dir='ltr'>quidem&#39;</span> <span class='ocrx_word' id='word_1_20' title='bbox 1488 336 1582 366; x_wconf 89' lang='lat' dir='ltr'>non</span> 
     </span>
     <span class='ocr_line' id='line_1_4' title="bbox 180 377 1580 447; baseline 0.004 -19"><span class='ocrx_word' id='word_1_21' title='bbox 180 377 371 428; x_wconf 84' lang='lat' dir='ltr'>dubitari</span> <span class='ocrx_word' id='word_1_22' title='bbox 401 377 565 442; x_wconf 87' lang='lat' dir='ltr'>potest,</span> <span class='ocrx_word' id='word_1_23' title='bbox 605 384 818 444; x_wconf 86' lang='lat' dir='ltr'>quoniam</span> <span class='ocrx_word' id='word_1_24' title='bbox 854 392 1092 447; x_wconf 82' lang='lat' dir='ltr'>vtrumque</span> <span class='ocrx_word' id='word_1_25' title='bbox 1124 386 1183 430; x_wconf 87' lang='lat' dir='ltr'>ita</span> <span class='ocrx_word' id='word_1_26' title='bbox 1211 385 1334 432; x_wconf 75' lang='lat' dir='ltr'>clare.</span> <span class='ocrx_word' id='word_1_27' title='bbox 1355 385 1492 433; x_wconf 85' lang='lat' dir='ltr'>literis</span> <span class='ocrx_word' id='word_1_28' title='bbox 1521 386 1580 433; x_wconf 84' lang='lat' dir='ltr'>sa·</span> 
     </span>
     <span class='ocr_line' id='line_1_5' title="bbox 126 445 1580 515; baseline 0.005 -22"><span class='ocrx_word' id='word_1_29' title='bbox 126 507 128 511; x_wconf 16' lang='lat'><em>7</em></span> <span class='ocrx_word' id='word_1_30' title='bbox 181 450 266 494; x_wconf 88' lang='lat' dir='ltr'><strong>cris</strong></span> <span class='ocrx_word' id='word_1_31' title='bbox 310 447 523 515; x_wconf 62' lang='lat' dir='ltr'>ttaditun]</span> <span class='ocrx_word' id='word_1_32' title='bbox 561 445 646 504; x_wconf 88' lang='lat' dir='ltr'>est,</span> <span class='ocrx_word' id='word_1_33' title='bbox 699 465 783 497; x_wconf 90' lang='lat' dir='ltr'>nec</span> <span class='ocrx_word' id='word_1_34' title='bbox 823 449 911 496; x_wconf 83' lang='lat' dir='ltr'>vllo</span> <span class='ocrx_word' id='word_1_35' title='bbox 950 451 1088 498; x_wconf 89' lang='lat' dir='ltr'>modo</span> <span class='ocrx_word' id='word_1_36' title='bbox 1135 455 1430 515; x_wconf 82' lang='lat' dir='ltr'>repugnantia</span> <span class='ocrx_word' id='word_1_37' title='bbox 1468 452 1580 501; x_wconf 79' lang='lat' dir='ltr'>tradi</span> 
     </span>
     <span class='ocr_line' id='line_1_6' title="bbox 180 513 1580 579; baseline 0.004 -17"><span class='ocrx_word' id='word_1_38' title='bbox 180 515 394 562; x_wconf 80' lang='lat' dir='ltr'>diuinitus</span> <span class='ocrx_word' id='word_1_39' title='bbox 434 513 646 579; x_wconf 59' lang='lat' dir='ltr'>possunt:</span> <span class='ocrx_word' id='word_1_40' title='bbox 669 522 954 565; x_wconf 72' lang='lat' dir='ltr'>cumcontra</span> <span class='ocrx_word' id='word_1_41' title='bbox 990 521 1035 565; x_wconf 92' lang='lat' dir='ltr'>in</span> <span class='ocrx_word' id='word_1_42' title='bbox 1064 519 1146 565; x_wconf 85' lang='lat' dir='ltr'>hac</span> <span class='ocrx_word' id='word_1_43' title='bbox 1182 518 1483 567; x_wconf 76' lang='lat' dir='ltr'>imbecillitate</span> <span class='ocrx_word' id='word_1_44' title='bbox 1514 522 1580 566; x_wconf 89' lang='lat' dir='ltr'>in-</span> 
     </span>
     <span class='ocr_line' id='line_1_7' title="bbox 179 583 1578 645; baseline 0.002 -14"><span class='ocrx_word' id='word_1_45' title='bbox 179 585 298 645; x_wconf 81' lang='lat' dir='ltr'>genii</span> <span class='ocrx_word' id='word_1_46' title='bbox 331 583 538 639; x_wconf 85' lang='lat' dir='ltr'>humani,</span> <span class='ocrx_word' id='word_1_47' title='bbox 591 600 684 631; x_wconf 91' lang='lat' dir='ltr'>non</span> <span class='ocrx_word' id='word_1_48' title='bbox 726 584 861 633; x_wconf 87' lang='lat' dir='ltr'>modo</span> <span class='ocrx_word' id='word_1_49' title='bbox 901 587 1061 633; x_wconf 86' lang='lat' dir='ltr'>mirum</span> <span class='ocrx_word' id='word_1_50' title='bbox 1100 603 1194 632; x_wconf 89' lang='lat' dir='ltr'>non</span> <span class='ocrx_word' id='word_1_51' title='bbox 1233 585 1302 644; x_wconf 78' lang='lat' dir='ltr'>fit,</span> <span class='ocrx_word' id='word_1_52' title='bbox 1342 587 1415 634; x_wconf 82' lang='lat' dir='ltr'>sed</span> <span class='ocrx_word' id='word_1_53' title='bbox 1446 589 1578 635; x_wconf 88' lang='lat' dir='ltr'>etiam</span> 
     </span>
     <span class='ocr_line' id='line_1_8' title="bbox 178 649 1579 716; baseline 0.004 -18"><span class='ocrx_word' id='word_1_54' title='bbox 178 649 486 707; x_wconf 69' lang='lat' dir='ltr'>necessarium,</span> <span class='ocrx_word' id='word_1_55' title='bbox 526 653 572 698; x_wconf 88' lang='lat' dir='ltr'>in</span> <span class='ocrx_word' id='word_1_56' title='bbox 605 651 788 706; x_wconf 85' lang='lat' dir='ltr'>diuinis,</span> <span class='ocrx_word' id='word_1_57' title='bbox 813 670 940 716; x_wconf 14' lang='lat' dir='ltr'>&#39;quae</span> <span class='ocrx_word' id='word_1_58' title='bbox 969 654 1234 701; x_wconf 86' lang='lat' dir='ltr'>immensum</span> <span class='ocrx_word' id='word_1_59' title='bbox 1260 673 1287 702; x_wconf 81' lang='lat' dir='ltr'>a</span> <span class='ocrx_word' id='word_1_60' title='bbox 1315 651 1475 702; x_wconf 87' lang='lat' dir='ltr'>nostris</span> <span class='ocrx_word' id='word_1_61' title='bbox 1497 672 1579 703; x_wconf 92' lang='lat' dir='ltr'>no-</span> 
     </span>
     <span class='ocr_line' id='line_1_9' title="bbox 179 719 1611 786; baseline 0.001 -20"><span class='ocrx_word' id='word_1_62' title='bbox 179 719 381 766; x_wconf 82' lang='lat' dir='ltr'><strong>tionibus</strong></span> <span class='ocrx_word' id='word_1_63' title='bbox 410 719 588 775; x_wconf 86' lang='lat' dir='ltr'>absunt,</span> <span class='ocrx_word' id='word_1_64' title='bbox 629 722 797 786; x_wconf 81' lang='lat' dir='ltr'>quippe</span> <span class='ocrx_word' id='word_1_65' title='bbox 825 720 1066 767; x_wconf 66' lang='lat' dir='ltr'>nihileum</span> <span class='ocrx_word' id='word_1_66' title='bbox 1104 720 1296 768; x_wconf 78' lang='lat' dir='ltr'>senfibus</span> <span class='ocrx_word' id='word_1_67' title='bbox 1334 739 1576 770; x_wconf 86' lang='lat' dir='ltr'>commune</span> <span class='ocrx_word' id='word_1_68' title='bbox 1609 743 1611 745; x_wconf 50' lang='lat'>&gt;</span> 
     </span>
     <span class='ocr_line' id='line_1_10' title="bbox 178 787 1579 854; baseline 0.002 -20"><span class='ocrx_word' id='word_1_69' title='bbox 178 787 422 842; x_wconf 72' lang='lat' dir='ltr'>habente3‚</span> <span class='ocrx_word' id='word_1_70' title='bbox 474 799 524 833; x_wconf 84' lang='lat' dir='ltr'>vt</span> <span class='ocrx_word' id='word_1_71' title='bbox 559 788 700 834; x_wconf 88' lang='lat' dir='ltr'>multa</span> <span class='ocrx_word' id='word_1_72' title='bbox 737 804 819 834; x_wconf 85' lang='lat' dir='ltr'>nec.</span> <span class='ocrx_word' id='word_1_73' title='bbox 856 805 935 852; x_wconf 83' lang='lat' dir='ltr'>per</span> <span class='ocrx_word' id='word_1_74' title='bbox 977 788 1020 834; x_wconf 84' lang='lat' dir='ltr'>se</span> <span class='ocrx_word' id='word_1_75' title='bbox 1053 791 1303 851; x_wconf 78' lang='lat' dir='ltr'>intelligere</span> <span class='ocrx_word' id='word_1_76' title='bbox 1339 789 1439 837; x_wconf 87' lang='lat' dir='ltr'>satis</span> <span class='ocrx_word' id='word_1_77' title='bbox 1477 807 1579 854; x_wconf 86' lang='lat' dir='ltr'>per-</span> 
     </span>
     <span class='ocr_line' id='line_1_11' title="bbox 164 853 1577 921; baseline 0.002 -20"><span class='ocrx_word' id='word_1_78' title='bbox 164 855 350 920; x_wconf 68' lang='lat' dir='ltr'>spicue,</span> <span class='ocrx_word' id='word_1_79' title='bbox 393 871 481 901; x_wconf 86' lang='lat' dir='ltr'>nec</span> <span class='ocrx_word' id='word_1_80' title='bbox 508 855 739 917; x_wconf 84' lang='lat' dir='ltr'>quomodo</span> <span class='ocrx_word' id='word_1_81' title='bbox 765 853 839 902; x_wconf 82' lang='lat' dir='ltr'>fibi</span> <span class='ocrx_word' id='word_1_82' title='bbox 868 855 1162 914; x_wconf 81' lang='lat' dir='ltr'>consentiant,</span> <span class='ocrx_word' id='word_1_83' title='bbox 1202 855 1362 921; x_wconf 78' lang='lat' dir='ltr'>ass&#39;equi</span> <span class='ocrx_word' id='word_1_84' title='bbox 1404 859 1577 905; x_wconf 79' lang='lat' dir='ltr'>ratioci-</span> 
     </span>
     <span class='ocr_line' id='line_1_12' title="bbox 176 920 583 988; baseline 0 -18"><span class='ocrx_word' id='word_1_85' title='bbox 176 922 327 971; x_wconf 87' lang='lat' dir='ltr'>nando</span> <span class='ocrx_word' id='word_1_86' title='bbox 357 920 583 988; x_wconf 81' lang='lat' dir='ltr'>poffimus.</span> 
     </span>
    </p>
   </div>
   <div class='ocr_carea' id='block_1_3' title="bbox 124 1052 1630 2613">
    <p class='ocr_par' dir='ltr' id='par_1_3' title="bbox 124 1052 1630 2613">
     <span class='ocr_line' id='line_1_13' title="bbox 211 1052 1576 1119; baseline 0.002 -16"><span class='ocrx_word' id='word_1_87' title='bbox 211 1052 213 1055; x_wconf 71' lang='grc'><strong>’</strong></span> <span class='ocrx_word' id='word_1_88' title='bbox 276 1059 382 1104; x_wconf 90' lang='lat' dir='ltr'>Nec</span> <span class='ocrx_word' id='word_1_89' title='bbox 410 1075 517 1104; x_wconf 86' lang='lat' dir='ltr'>vero</span> <span class='ocrx_word' id='word_1_90' title='bbox 545 1057 732 1104; x_wconf 84' lang='lat' dir='ltr'>alterum</span> <span class='ocrx_word' id='word_1_91' title='bbox 761 1073 856 1104; x_wconf 88' lang='lat' dir='ltr'>non</span> <span class='ocrx_word' id='word_1_92' title='bbox 889 1055 1474 1119; x_wconf 24' lang='lat' dir='ltr'>animaduerfionevdignum</span> <span class='ocrx_word' id='word_1_93' title='bbox 1502 1057 1576 1114; x_wconf 88' lang='lat' dir='ltr'>est,</span> 
     </span>
     <span class='ocr_line' id='line_1_14' title="bbox 176 1124 1576 1189; baseline 0.001 -17"><span class='ocrx_word' id='word_1_94' title='bbox 176 1125 300 1189; x_wconf 86' lang='lat' dir='ltr'>quod</span> <span class='ocrx_word' id='word_1_95' title='bbox 338 1126 535 1172; x_wconf 84' lang='lat' dir='ltr'>Iulianus</span> <span class='ocrx_word' id='word_1_96' title='bbox 577 1142 628 1172; x_wconf 86' lang='lat' dir='ltr'>ex</span> <span class='ocrx_word' id='word_1_97' title='bbox 670 1126 751 1172; x_wconf 84' lang='lat' dir='ltr'>hac</span> <span class='ocrx_word' id='word_1_98' title='bbox 787 1125 873 1189; x_wconf 82' lang='lat' dir='ltr'>ipsa</span> <span class='ocrx_word' id='word_1_99' title='bbox 906 1125 1104 1172; x_wconf 86' lang='lat' dir='ltr'>-formula</span> <span class='ocrx_word' id='word_1_100' title='bbox 1151 1124 1455 1176; x_wconf 74' lang='lat' dir='ltr'>adorationem</span> <span class='ocrx_word' id='word_1_101' title='bbox 1495 1126 1576 1174; x_wconf 84' lang='lat' dir='ltr'>filii</span> 
     </span>
     <span class='ocr_line' id='line_1_15' title="bbox 175 1191 1630 1257; baseline 0.002 -18"><span class='ocrx_word' id='word_1_102' title='bbox 175 1193 290 1246; x_wconf 81' lang='lat' dir='ltr'>Dei,</span> <span class='ocrx_word' id='word_1_103' title='bbox 327 1192 419 1239; x_wconf 88' lang='lat' dir='ltr'>Iesu</span> <span class='ocrx_word' id='word_1_104' title='bbox 449 1191 623 1251; x_wconf 88' lang='lat' dir='ltr'>Christi,</span> <span class='ocrx_word' id='word_1_105' title='bbox 652 1203 799 1240; x_wconf 88' lang='lat' dir='ltr'>ortam</span> <span class='ocrx_word' id='word_1_106' title='bbox 829 1203 977 1257; x_wconf 81' lang='lat' dir='ltr'>putat,</span> <span class='ocrx_word' id='word_1_107' title='bbox 1021 1195 1092 1240; x_wconf 89' lang='lat' dir='ltr'>cui</span> <span class='ocrx_word' id='word_1_108' title='bbox 1125 1211 1173 1240; x_wconf 88' lang='lat' dir='ltr'>ea</span> <span class='ocrx_word' id='word_1_109' title='bbox 1204 1193 1494 1242; x_wconf 83' lang='lat' dir='ltr'>consentanea</span> <span class='ocrx_word' id='word_1_110' title='bbox 1513 1193 1575 1242; x_wconf 84' lang='lat' dir='ltr'>fit.</span> <span class='ocrx_word' id='word_1_111' title='bbox 1623 1235 1630 1254; x_wconf 60' lang='grc'>.,</span> 
     </span>
     <span class='ocr_line' id='line_1_16' title="bbox 175 1257 1630 1322; baseline 0.001 -14"><span class='ocrx_word' id='word_1_112' title='bbox 175 1258 319 1308; x_wconf 76' lang='lat' dir='ltr'>Reste</span> <span class='ocrx_word' id='word_1_113' title='bbox 351 1260 523 1308; x_wconf 84' lang='lat' dir='ltr'>iudicat.</span> <span class='ocrx_word' id='word_1_114' title='bbox 618 1265 741 1309; x_wconf 84' lang='lat' dir='ltr'>Nam</span> <span class='ocrx_word' id='word_1_115' title='bbox 788 1259 828 1322; x_wconf 61' lang='lat' dir='ltr'>sl]</span> <span class='ocrx_word' id='word_1_116' title='bbox 857 1261 1012 1322; x_wconf 85' lang='lat' dir='ltr'>religio</span> <span class='ocrx_word' id='word_1_117' title='bbox 1052 1257 1197 1308; x_wconf 86' lang='lat' dir='ltr'>nostra</span> <span class='ocrx_word' id='word_1_118' title='bbox 1233 1258 1578 1310; x_wconf 76' lang='lat' dir='ltr'>Christianorum</span> <span class='ocrx_word' id='word_1_119' title='bbox 1625 1265 1630 1273; x_wconf 84' lang='grc'><strong>’</strong></span> 
     </span>
     <span class='ocr_line' id='line_1_17' title="bbox 174 1326 1576 1393; baseline 0 -17"><span class='ocrx_word' id='word_1_120' title='bbox 174 1327 374 1376; x_wconf 84' lang='lat' dir='ltr'>vniuersa</span> <span class='ocrx_word' id='word_1_121' title='bbox 401 1326 596 1377; x_wconf 71' lang='lat' dir='ltr'>adstrista</span> <span class='ocrx_word' id='word_1_122' title='bbox 625 1326 687 1375; x_wconf 89' lang='lat' dir='ltr'>est</span> <span class='ocrx_word' id='word_1_123' title='bbox 713 1327 805 1376; x_wconf 81' lang='lat' dir='ltr'>filio</span> <span class='ocrx_word' id='word_1_124' title='bbox 837 1331 945 1386; x_wconf 84' lang='lat' dir='ltr'>Dei,</span> <span class='ocrx_word' id='word_1_125' title='bbox 976 1327 1127 1393; x_wconf 88' lang='lat' dir='ltr'>estque</span> <span class='ocrx_word' id='word_1_126' title='bbox 1153 1327 1264 1376; x_wconf 88' lang='lat' dir='ltr'>adeo</span> <span class='ocrx_word' id='word_1_127' title='bbox 1296 1329 1372 1375; x_wconf 85' lang='lat' dir='ltr'>ille</span> <span class='ocrx_word' id='word_1_128' title='bbox 1401 1329 1576 1390; x_wconf 84' lang='lat' dir='ltr'>religio-</span> 
     </span>
     <span class='ocr_line' id='line_1_18' title="bbox 175 1395 1575 1457; baseline -0.001 -13"><span class='ocrx_word' id='word_1_129' title='bbox 175 1399 250 1444; x_wconf 84' lang='lat' dir='ltr'>nis</span> <span class='ocrx_word' id='word_1_130' title='bbox 281 1395 532 1453; x_wconf 50' lang='lat' dir='ltr'>obstitum,</span> <span class='ocrx_word' id='word_1_131' title='bbox 571 1396 813 1444; x_wconf 60' lang='lat' dir='ltr'>&gt;neceffitas</span> <span class='ocrx_word' id='word_1_132' title='bbox 840 1396 1109 1444; x_wconf 74' lang='lat' dir='ltr'>adorationis</span> <span class='ocrx_word' id='word_1_133' title='bbox 1138 1396 1251 1443; x_wconf 78' lang='lat' dir='ltr'>clare</span> <span class='ocrx_word' id='word_1_134' title='bbox 1293 1396 1575 1457; x_wconf 78' lang='lat' dir='ltr'>intelligitur:</span> 
     </span>
     <span class='ocr_line' id='line_1_19' title="bbox 178 1462 1629 1528; baseline -0.003 -14"><span class='ocrx_word' id='word_1_135' title='bbox 178 1464 430 1528; x_wconf 79' lang='lat' dir='ltr'>eodemque</span> <span class='ocrx_word' id='word_1_136' title='bbox 479 1465 589 1512; x_wconf 81' lang='lat' dir='ltr'>adeo</span> <span class='ocrx_word' id='word_1_137' title='bbox 633 1465 770 1511; x_wconf 88' lang='lat' dir='ltr'>modo</span> <span class='ocrx_word' id='word_1_138' title='bbox 817 1463 871 1510; x_wconf 86' lang='lat' dir='ltr'>de</span> <span class='ocrx_word' id='word_1_139' title='bbox 919 1462 1162 1527; x_wconf 52' lang='lat' dir='ltr'>Spiritu&#39;S.</span> <span class='ocrx_word' id='word_1_140' title='bbox 1208 1462 1393 1511; x_wconf 88' lang='lat' dir='ltr'>iudicari</span> <span class='ocrx_word' id='word_1_141' title='bbox 1429 1463 1577 1511; x_wconf 86' lang='lat' dir='ltr'>debet.</span> <span class='ocrx_word' id='word_1_142' title='bbox 1616 1495 1629 1500; x_wconf 63' lang='grc'>-«</span> 
     </span>
     <span class='ocr_line' id='line_1_20' title="bbox 175 1526 1622 1593; baseline -0.002 -12"><span class='ocrx_word' id='word_1_143' title='bbox 175 1537 302 1581; x_wconf 88' lang='lat' dir='ltr'>Nam</span> <span class='ocrx_word' id='word_1_144' title='bbox 330 1531 438 1579; x_wconf 81' lang='lat' dir='ltr'>ficut</span> <span class='ocrx_word' id='word_1_145' title='bbox 478 1551 528 1580; x_wconf 85' lang='lat' dir='ltr'>ex</span> <span class='ocrx_word' id='word_1_146' title='bbox 563 1532 983 1580; x_wconf 82' lang='lat' dir='ltr'>adorationiscultu</span> <span class='ocrx_word' id='word_1_147' title='bbox 1022 1526 1295 1578; x_wconf 77' lang='lat' dir='ltr'>diuinitatem</span> <span class='ocrx_word' id='word_1_148' title='bbox 1325 1532 1575 1593; x_wconf 79' lang='lat' dir='ltr'><strong>colligimus</strong></span> <span class='ocrx_word' id='word_1_149' title='bbox 1618 1579 1622 1582; x_wconf 67' lang='grc'>,</span> 
     </span>
     <span class='ocr_line' id='line_1_21' title="bbox 177 1597 1575 1656; baseline -0.002 -9"><span class='ocrx_word' id='word_1_150' title='bbox 177 1604 293 1656; x_wconf 82' lang='lat' dir='ltr'>eius,</span> <span class='ocrx_word' id='word_1_151' title='bbox 327 1603 400 1648; x_wconf 88' lang='lat' dir='ltr'>cui</span> <span class='ocrx_word' id='word_1_152' title='bbox 430 1600 502 1648; x_wconf 82' lang='lat' dir='ltr'>illa</span> <span class='ocrx_word' id='word_1_153' title='bbox 531 1603 784 1654; x_wconf 74' lang='lat' dir='ltr'>conuenit,v</span> <span class='ocrx_word' id='word_1_154' title='bbox 805 1598 861 1647; x_wconf 76' lang='lat' dir='ltr'>fle</span> <span class='ocrx_word' id='word_1_155' title='bbox 890 1597 1068 1646; x_wconf 80' lang='lat' dir='ltr'>viciffim</span> <span class='ocrx_word' id='word_1_156' title='bbox 1094 1616 1146 1644; x_wconf 88' lang='lat' dir='ltr'>ex</span> <span class='ocrx_word' id='word_1_157' title='bbox 1180 1600 1262 1645; x_wconf 80' lang='lat' dir='ltr'>hac</span> <span class='ocrx_word' id='word_1_158' title='bbox 1290 1599 1404 1646; x_wconf 81' lang='lat' dir='ltr'><strong>illius</strong></span> <span class='ocrx_word' id='word_1_159' title='bbox 1428 1598 1575 1646; x_wconf 84' lang='lat' dir='ltr'>neces·</span> 
     </span>
     <span class='ocr_line' id='line_1_22' title="bbox 174 1665 1575 1729; baseline -0.004 -12"><span class='ocrx_word' id='word_1_160' title='bbox 174 1668 272 1718; x_wconf 80' lang='lat' dir='ltr'>fitas</span> <span class='ocrx_word' id='word_1_161' title='bbox 301 1667 462 1724; x_wconf 80' lang='lat' dir='ltr'>existit,</span> <span class='ocrx_word' id='word_1_162' title='bbox 492 1670 624 1715; x_wconf 85' lang='lat' dir='ltr'>etiam</span> <span class='ocrx_word' id='word_1_163' title='bbox 650 1667 738 1714; x_wconf 86' lang='lat' dir='ltr'>fine</span> <span class='ocrx_word' id='word_1_164' title='bbox 765 1665 926 1715; x_wconf 87' lang='lat' dir='ltr'>diserto</span> <span class='ocrx_word' id='word_1_165' title='bbox 956 1668 1051 1713; x_wconf 85' lang='lat' dir='ltr'>eius</span> <span class='ocrx_word' id='word_1_166' title='bbox 1081 1669 1126 1713; x_wconf 87' lang='lat' dir='ltr'>in</span> <span class='ocrx_word' id='word_1_167' title='bbox 1154 1665 1274 1712; x_wconf 77' lang='lat' dir='ltr'>libris</span> <span class='ocrx_word' id='word_1_168' title='bbox 1301 1666 1428 1712; x_wconf 84' lang='lat' dir='ltr'>sacris</span> <span class='ocrx_word' id='word_1_169' title='bbox 1448 1672 1575 1729; x_wconf 84' lang='lat' dir='ltr'>prae·</span> 
     </span>
     <span class='ocr_line' id='line_1_23' title="bbox 175 1731 1622 1802; baseline -0.003 -18"><span class='ocrx_word' id='word_1_170' title='bbox 175 1736 315 1802; x_wconf 86' lang='lat' dir='ltr'>cepto</span> <span class='ocrx_word' id='word_1_171' title='bbox 349 1745 426 1783; x_wconf 86' lang='lat' dir='ltr'>aut</span> <span class='ocrx_word' id='word_1_172' title='bbox 456 1737 674 1800; x_wconf 84' lang='lat' dir='ltr'>exemplo.</span> <span class='ocrx_word' id='word_1_173' title='bbox 744 1734 881 1790; x_wconf 90' lang='lat' dir='ltr'>Quod</span> <span class='ocrx_word' id='word_1_174' title='bbox 900 1751 1004 1780; x_wconf 89' lang='lat' dir='ltr'>cum</span> <span class='ocrx_word' id='word_1_175' title='bbox 1038 1731 1091 1779; x_wconf 81' lang='lat' dir='ltr'>fit</span> <span class='ocrx_word' id='word_1_176' title='bbox 1121 1736 1180 1778; x_wconf 83' lang='lat' dir='ltr'>ita</span> <span class='ocrx_word' id='word_1_177' title='bbox 1205 1735 1251 1779; x_wconf 90' lang='lat' dir='ltr'>in</span> <span class='ocrx_word' id='word_1_178' title='bbox 1283 1743 1490 1797; x_wconf 85' lang='lat' dir='ltr'>promtu,</span> <span class='ocrx_word' id='word_1_179' title='bbox 1525 1742 1575 1780; x_wconf 87' lang='lat' dir='ltr'>vt</span> <span class='ocrx_word' id='word_1_180' title='bbox 1619 1763 1622 1765; x_wconf 21' lang='grc' dir='ltr'><strong>Δ</strong></span> 
     </span>
     <span class='ocr_line' id='line_1_24' title="bbox 174 1797 1621 1872; baseline -0.004 -21"><span class='ocrx_word' id='word_1_181' title='bbox 174 1816 322 1872; x_wconf 79' lang='lat' dir='ltr'>paene</span> <span class='ocrx_word' id='word_1_182' title='bbox 360 1805 406 1849; x_wconf 89' lang='lat' dir='ltr'>in</span> <span class='ocrx_word' id='word_1_183' title='bbox 444 1803 600 1850; x_wconf 86' lang='lat' dir='ltr'>oculos</span> <span class='ocrx_word' id='word_1_184' title='bbox 637 1812 869 1856; x_wconf 84' lang='lat' dir='ltr'>occurrat;</span> <span class='ocrx_word' id='word_1_185' title='bbox 923 1801 1169 1847; x_wconf 85' lang='lat' dir='ltr'>mirandum</span> <span class='ocrx_word' id='word_1_186' title='bbox 1210 1797 1272 1846; x_wconf 88' lang='lat' dir='ltr'>est</span> <span class='ocrx_word' id='word_1_187' title='bbox 1308 1797 1455 1855; x_wconf 77' lang='lat' dir='ltr'>fuisse,</span> <span class='ocrx_word' id='word_1_188' title='bbox 1498 1802 1575 1863; x_wconf 85' lang='lat' dir='ltr'>qui</span> <span class='ocrx_word' id='word_1_189' title='bbox 1617 1823 1621 1826; x_wconf 91' lang='lat'>·</span> 
     </span>
     <span class='ocr_line' id='line_1_25' title="bbox 176 1866 1622 1932; baseline -0.005 -13"><span class='ocrx_word' id='word_1_190' title='bbox 176 1890 274 1920; x_wconf 80' lang='lat' dir='ltr'>eam</span> <span class='ocrx_word' id='word_1_191' title='bbox 301 1886 398 1918; x_wconf 85' lang='lat' dir='ltr'>non</span> <span class='ocrx_word' id='word_1_192' title='bbox 425 1872 690 1932; x_wconf 81' lang='lat' dir='ltr'>agnouerint</span> <span class='ocrx_word' id='word_1_193' title='bbox 721 1880 795 1916; x_wconf 84' lang='lat' dir='ltr'>aut</span> <span class='ocrx_word' id='word_1_194' title='bbox 826 1868 881 1914; x_wconf 87' lang='lat' dir='ltr'>de</span> <span class='ocrx_word' id='word_1_195' title='bbox 910 1886 960 1914; x_wconf 87' lang='lat' dir='ltr'>ea</span> <span class='ocrx_word' id='word_1_196' title='bbox 987 1866 1310 1922; x_wconf 85' lang='lat' dir='ltr'>dubitauerint,</span> <span class='ocrx_word' id='word_1_197' title='bbox 1358 1868 1457 1932; x_wconf 82' lang='lat' dir='ltr'>quia</span> <span class='ocrx_word' id='word_1_198' title='bbox 1490 1883 1574 1913; x_wconf 86' lang='lat' dir='ltr'>nec</span> <span class='ocrx_word' id='word_1_199' title='bbox 1620 1898 1622 1900; x_wconf 95' lang='lat'>-</span> 
     </span>
     <span class='ocr_line' id='line_1_26' title="bbox 174 1933 1574 2007; baseline -0.003 -21"><span class='ocrx_word' id='word_1_200' title='bbox 174 1949 465 2007; x_wconf 82' lang='lat' dir='ltr'>pracceptum</span> <span class='ocrx_word' id='word_1_201' title='bbox 512 1955 597 1985; x_wconf 88' lang='lat' dir='ltr'>nec</span> <span class='ocrx_word' id='word_1_202' title='bbox 642 1938 895 2001; x_wconf 77' lang='lat' dir='ltr'>exemplum</span> <span class='ocrx_word' id='word_1_203' title='bbox 943 1938 990 1982; x_wconf 90' lang='lat' dir='ltr'>in</span> <span class='ocrx_word' id='word_1_204' title='bbox 1042 1933 1161 1982; x_wconf 82' lang='lat' dir='ltr'>libris</span> <span class='ocrx_word' id='word_1_205' title='bbox 1210 1935 1339 1981; x_wconf 85' lang='lat' dir='ltr'>sacris</span> <span class='ocrx_word' id='word_1_206' title='bbox 1395 1944 1574 1982; x_wconf 78' lang='lat' dir='ltr'>extaret.</span> 
     </span>
     <span class='ocr_line' id='line_1_27' title="bbox 124 2000 1575 2057; baseline -0.005 -1"><span class='ocrx_word' id='word_1_207' title='bbox 124 2017 134 2021; x_wconf 82' lang='lat'>&#39;</span> <span class='ocrx_word' id='word_1_208' title='bbox 177 2010 337 2057; x_wconf 84' lang='lat' dir='ltr'>Talem</span> <span class='ocrx_word' id='word_1_209' title='bbox 376 2017 480 2053; x_wconf 86' lang='lat' dir='ltr'>ante</span> <span class='ocrx_word' id='word_1_210' title='bbox 517 2023 656 2052; x_wconf 85' lang='lat' dir='ltr'>annos</span> <span class='ocrx_word' id='word_1_211' title='bbox 697 2022 788 2051; x_wconf 86' lang='lat' dir='ltr'>non</span> <span class='ocrx_word' id='word_1_212' title='bbox 828 2004 996 2050; x_wconf 86' lang='lat' dir='ltr'>multos</span> <span class='ocrx_word' id='word_1_213' title='bbox 1029 2000 1148 2049; x_wconf 74' lang='lat' dir='ltr'>fuisse</span> <span class='ocrx_word' id='word_1_214' title='bbox 1178 2004 1224 2049; x_wconf 91' lang='lat' dir='ltr'>in</span> <span class='ocrx_word' id='word_1_215' title='bbox 1253 2003 1478 2049; x_wconf 81' lang='lat' dir='ltr'>Britannia</span> <span class='ocrx_word' id='word_1_216' title='bbox 1505 2006 1575 2049; x_wconf 77' lang='lat' dir='ltr'>re-</span> 
     </span>
     <span class='ocr_line' id='line_1_28' title="bbox 174 2069 1621 2142; baseline -0.006 -19"><span class='ocrx_word' id='word_1_217' title='bbox 174 2078 377 2142; x_wconf 83' lang='lat' dir='ltr'>perimus</span> <span class='ocrx_word' id='word_1_218' title='bbox 415 2073 635 2139; x_wconf 84' lang='lat' dir='ltr'>quendam</span> <span class='ocrx_word' id='word_1_219' title='bbox 672 2069 1011 2126; x_wconf 79' lang='lat' dir='ltr'>Tomkinflum,</span> <span class='ocrx_word' id='word_1_220' title='bbox 1055 2071 1129 2134; x_wconf 90' lang='lat' dir='ltr'>qui</span> <span class='ocrx_word' id='word_1_221' title='bbox 1165 2081 1312 2117; x_wconf 83' lang='lat' dir='ltr'>tamen</span> <span class='ocrx_word' id='word_1_222' title='bbox 1348 2086 1442 2116; x_wconf 89' lang='lat' dir='ltr'>rem</span> <span class='ocrx_word' id='word_1_223' title='bbox 1479 2085 1574 2116; x_wconf 88' lang='lat' dir='ltr'>non</span> <span class='ocrx_word' id='word_1_224' title='bbox 1616 2100 1621 2106; x_wconf 66' lang='lat'><em>‹</em></span> 
     </span>
     <span class='ocr_line' id='line_1_29' title="bbox 177 2134 1624 2206; baseline -0.006 -16"><span class='ocrx_word' id='word_1_225' title='bbox 177 2161 236 2192; x_wconf 91' lang='lat' dir='ltr'>eo</span> <span class='ocrx_word' id='word_1_226' title='bbox 263 2144 415 2200; x_wconf 83' lang='lat' dir='ltr'>traxit,</span> <span class='ocrx_word' id='word_1_227' title='bbox 458 2153 507 2189; x_wconf 83' lang='lat' dir='ltr'>vt</span> <span class='ocrx_word' id='word_1_228' title='bbox 536 2144 753 2206; x_wconf 58' lang='lat' dir='ltr'>Spiritum&gt;</span> <span class='ocrx_word' id='word_1_229' title='bbox 779 2145 819 2187; x_wconf 91' lang='lat' dir='ltr'>S.</span> <span class='ocrx_word' id='word_1_230' title='bbox 851 2136 935 2185; x_wconf 88' lang='lat' dir='ltr'>esse</span> <span class='ocrx_word' id='word_1_231' title='bbox 967 2141 1138 2191; x_wconf 88' lang='lat' dir='ltr'>Deum,</span> <span class='ocrx_word' id='word_1_232' title='bbox 1180 2147 1256 2184; x_wconf 83' lang='lat' dir='ltr'>aut</span> <span class='ocrx_word' id='word_1_233' title='bbox 1283 2134 1524 2183; x_wconf 59' lang='lat' dir='ltr'>distinctam</span> <span class='ocrx_word' id='word_1_234' title='bbox 1550 2152 1576 2182; x_wconf 84' lang='lat' dir='ltr'>a</span> <span class='ocrx_word' id='word_1_235' title='bbox 1621 2170 1624 2173; x_wconf 90' lang='lat'><em>-</em></span> 
     </span>
     <span class='ocr_line' id='line_1_30' title="bbox 175 2203 1618 2272; baseline -0.009 -12"><span class='ocrx_word' id='word_1_236' title='bbox 175 2216 306 2260; x_wconf 80' lang='lat' dir='ltr'>Patre</span> <span class='ocrx_word' id='word_1_237' title='bbox 341 2221 388 2257; x_wconf 86' lang='lat' dir='ltr'>et</span> <span class='ocrx_word' id='word_1_238' title='bbox 418 2209 508 2257; x_wconf 76' lang='lat' dir='ltr'>filio</span> <span class='ocrx_word' id='word_1_239' title='bbox 540 2210 770 2272; x_wconf 86' lang='lat' dir='ltr'>personam</span> <span class='ocrx_word' id='word_1_240' title='bbox 799 2216 1002 2267; x_wconf 84' lang='lat' dir='ltr'>negaret:</span> <span class='ocrx_word' id='word_1_241' title='bbox 1057 2203 1131 2251; x_wconf 89' lang='lat' dir='ltr'>sed</span> <span class='ocrx_word' id='word_1_242' title='bbox 1165 2203 1302 2262; x_wconf 84' lang='lat' dir='ltr'>modo</span> <span class='ocrx_word' id='word_1_243' title='bbox 1336 2220 1391 2250; x_wconf 88' lang='lat' dir='ltr'>eo</span> <span class='ocrx_word' id='word_1_244' title='bbox 1433 2205 1574 2250; x_wconf 83' lang='lat' dir='ltr'>valere</span> <span class='ocrx_word' id='word_1_245' title='bbox 1601 2239 1618 2270; x_wconf 80' lang='grc' dir='ltr'> </span> 
     </span>
     <span class='ocr_line' id='line_1_31' title="bbox 176 2268 1626 2339; baseline -0.009 -12"><span class='ocrx_word' id='word_1_246' title='bbox 176 2280 345 2333; x_wconf 86' lang='lat' dir='ltr'>voluit,</span> <span class='ocrx_word' id='word_1_247' title='bbox 394 2288 443 2326; x_wconf 82' lang='lat' dir='ltr'>vt</span> <span class='ocrx_word' id='word_1_248' title='bbox 492 2277 691 2324; x_wconf 81' lang='lat' dir='ltr'>adoratio</span> <span class='ocrx_word' id='word_1_249' title='bbox 742 2286 787 2322; x_wconf 88' lang='lat' dir='ltr'>et</span> <span class='ocrx_word' id='word_1_250' title='bbox 827 2290 982 2339; x_wconf 89' lang='lat' dir='ltr'>preces</span> <span class='ocrx_word' id='word_1_251' title='bbox 1022 2270 1075 2319; x_wconf 82' lang='lat' dir='ltr'>ad</span> <span class='ocrx_word' id='word_1_252' title='bbox 1112 2273 1323 2335; x_wconf 70' lang='lat' dir='ltr'>Sp&#39;iritum</span> <span class='ocrx_word' id='word_1_253' title='bbox 1367 2268 1575 2318; x_wconf 69' lang='lat' dir='ltr'>Sanstum</span> <span class='ocrx_word' id='word_1_254' title='bbox 1605 2279 1626 2314; x_wconf 59' lang='lat' dir='ltr'>a</span> 
     </span>
     <span class='ocr_line' id='line_1_32' title="bbox 177 2335 1625 2409; baseline -0.01 -15"><span class='ocrx_word' id='word_1_255' title='bbox 177 2363 272 2394; x_wconf 90' lang='lat' dir='ltr'>non</span> <span class='ocrx_word' id='word_1_256' title='bbox 315 2343 453 2392; x_wconf 69' lang='lat' dir='ltr'>essent</span> <span class='ocrx_word' id='word_1_257' title='bbox 491 2348 538 2392; x_wconf 87' lang='lat' dir='ltr'>in</span> <span class='ocrx_word' id='word_1_258' title='bbox 575 2343 772 2409; x_wconf 81' lang='lat' dir='ltr'>partibus</span> <span class='ocrx_word' id='word_1_259' title='bbox 811 2342 954 2389; x_wconf 83' lang='lat' dir='ltr'>cultus</span> <span class='ocrx_word' id='word_1_260' title='bbox 990 2338 1179 2400; x_wconf 81' lang='lat' dir='ltr'>religioss</span> <span class='ocrx_word' id='word_1_261' title='bbox 1219 2335 1457 2385; x_wconf 70' lang='lat' dir='ltr'>necessariis</span> <span class='ocrx_word' id='word_1_262' title='bbox 1495 2354 1576 2388; x_wconf 86' lang='lat' dir='ltr'>nu·</span> <span class='ocrx_word' id='word_1_263' title='bbox 1604 2364 1625 2380; x_wconf 58' lang='grc' dir='ltr'>η</span> 
     </span>
     <span class='ocr_line' id='line_1_33' title="bbox 175 2406 1625 2475; baseline -0.008 -13"><span class='ocrx_word' id='word_1_264' title='bbox 175 2413 426 2462; x_wconf 78' lang='lat' dir='ltr'>metandae.</span> <span class='ocrx_word' id='word_1_265' title='bbox 496 2416 548 2459; x_wconf 91' lang='lat' dir='ltr'>In</span> <span class='ocrx_word' id='word_1_266' title='bbox 588 2429 678 2475; x_wconf 87' lang='lat' dir='ltr'>quo</span> <span class='ocrx_word' id='word_1_267' title='bbox 719 2411 818 2472; x_wconf 85' lang='lat' dir='ltr'>sane</span> <span class='ocrx_word' id='word_1_268' title='bbox 853 2411 927 2456; x_wconf 86' lang='lat' dir='ltr'>ille</span> <span class='ocrx_word' id='word_1_269' title='bbox 962 2408 1071 2454; x_wconf 83' lang='lat' dir='ltr'>nihil</span> <span class='ocrx_word' id='word_1_270' title='bbox 1107 2406 1233 2454; x_wconf 78' lang='lat' dir='ltr'>vidit.</span> <span class='ocrx_word' id='word_1_271' title='bbox 1307 2410 1430 2452; x_wconf 85' lang='lat' dir='ltr'>Nam</span> <span class='ocrx_word' id='word_1_272' title='bbox 1471 2419 1576 2452; x_wconf 87' lang='lat' dir='ltr'>cum</span> <span class='ocrx_word' id='word_1_273' title='bbox 1616 2407 1625 2461; x_wconf 61' lang='lat' dir='ltr'>J}</span> 
     </span>
     <span class='ocr_line' id='line_1_34' title="bbox 177 2468 1625 2539; baseline -0.008 -11"><span class='ocrx_word' id='word_1_274' title='bbox 177 2493 351 2529; x_wconf 87' lang='lat' dir='ltr'>certum</span> <span class='ocrx_word' id='word_1_275' title='bbox 391 2479 461 2537; x_wconf 81' lang='lat' dir='ltr'>fit,</span> <span class='ocrx_word' id='word_1_276' title='bbox 517 2484 667 2526; x_wconf 88' lang='lat' dir='ltr'>Deum</span> <span class='ocrx_word' id='word_1_277' title='bbox 717 2475 990 2525; x_wconf 84' lang='lat' dir='ltr'>adorandum</span> <span class='ocrx_word' id='word_1_278' title='bbox 1040 2471 1125 2521; x_wconf 88' lang='lat' dir='ltr'>esse</span> <span class='ocrx_word' id='word_1_279' title='bbox 1170 2485 1215 2520; x_wconf 84' lang='lat' dir='ltr'>et</span> <span class='ocrx_word' id='word_1_280' title='bbox 1239 2471 1463 2539; x_wconf 42' lang='lat' dir='ltr'>‘precibus</span> <span class='ocrx_word' id='word_1_281' title='bbox 1519 2468 1625 2538; x_wconf 49' lang='lat' dir='ltr'>abfffi</span> 
     </span>
     <span class='ocr_line' id='line_1_35' title="bbox 179 2537 1624 2613; baseline -0.01 -17"><span class='ocrx_word' id='word_1_282' title='bbox 179 2566 236 2597; x_wconf 88' lang='lat' dir='ltr'>eo</span> <span class='ocrx_word' id='word_1_283' title='bbox 269 2547 463 2613; x_wconf 84' lang='lat' dir='ltr'>petenda</span> <span class='ocrx_word' id='word_1_284' title='bbox 500 2545 606 2604; x_wconf 80' lang='lat' dir='ltr'>effe,</span> <span class='ocrx_word' id='word_1_285' title='bbox 658 2545 816 2611; x_wconf 84' lang='lat' dir='ltr'><strong>quibus</strong></span> <span class='ocrx_word' id='word_1_286' title='bbox 855 2542 980 2590; x_wconf 87' lang='lat' dir='ltr'>nobis</span> <span class='ocrx_word' id='word_1_287' title='bbox 1030 2541 1083 2588; x_wconf 86' lang='lat' dir='ltr'>ad</span> <span class='ocrx_word' id='word_1_288' title='bbox 1122 2541 1304 2594; x_wconf 83' lang='lat' dir='ltr'>salutem</span> <span class='ocrx_word' id='word_1_289' title='bbox 1350 2556 1461 2604; x_wconf 86' lang='lat' dir='ltr'>opus</span> <span class='ocrx_word' id='word_1_290' title='bbox 1498 2537 1576 2586; x_wconf 80' lang='lat' dir='ltr'>fit:</span> <span class='ocrx_word' id='word_1_291' title='bbox 1599 2573 1624 2594; x_wconf 65' lang='lat' dir='ltr'>a»</span> 
     </span>
    </p>
   </div>
   <div class='ocr_carea' id='block_1_4' title="bbox 178 2604 1575 2719">
    <p class='ocr_par' dir='ltr' id='par_1_4' title="bbox 178 2595 1621 2719">
     <span class='ocr_line' id='line_1_36' title="bbox 178 2604 1575 2719; baseline -0.006 -54"><span class='ocrx_word' id='word_1_292' title='bbox 178 2614 410 2699; x_wconf 68' lang='lat' dir='ltr'>quomodo</span> <span class='ocrx_word' id='word_1_293' title='bbox 437 2615 528 2666; x_wconf 89' lang='lat' dir='ltr'>vllo</span> <span class='ocrx_word' id='word_1_294' title='bbox 560 2613 700 2666; x_wconf 85' lang='lat' dir='ltr'>modo</span> <span class='ocrx_word' id='word_1_295' title='bbox 742 2613 976 2663; x_wconf 86' lang='lat' dir='ltr'>obscurum</span> <span class='ocrx_word' id='word_1_296' title='bbox 1003 2621 1080 2659; x_wconf 85' lang='lat' dir='ltr'>aut</span> <span class='ocrx_word' id='word_1_297' title='bbox 1109 2608 1291 2658; x_wconf 85' lang='lat' dir='ltr'>dubium</span> <span class='ocrx_word' id='word_1_298' title='bbox 1302 2604 1575 2719; x_wconf 49' lang='lat' dir='ltr'>peffepnffiitgl.</span> 
     </span>
    </p>
   </div>
  </div>
 </body>
</html>
