1682 3068
152 207 409 244 runnu-r.
442 201 687 237 mzssle.
735 204 794 233 IN
829 202 975 233 tect..
1021 198 1343 231 cmlsrnuva
1386 193 1495 244 475

5 335 38 362 ⁸
84 313 330 366 notiorfiat
339 308 535 360 studiosis
549 311 707 357 harum
720 309 959 356 literarum.
992 311 1113 354 Nam
1132 306 1305 354 fuitille
1314 303 1488 351 hebrai-

85 401 144 453 ce
162 397 410 447 grneceque
424 375 713 431 doffiffimus,
732 377 1018 440 versatusque
1035 375 1302 421 excellenter
1320 375 1367 419 in
1389 371 1491 418 scri-

74 446 436 566 δἴ·ὲ1(15(ιξκ>ι·“ῐη
447 444 665 494 Ecclesiae
681 446 855 500 veteris,
866 445 1068 507 inprimis
1080 444 1291 496 Graecae,
1301 456 1490 487 necmo-

225 518 308 573 itis,
325 513 399 564 sed
418 516 551 561 etiam
571 511 756 560 inediti·-
798 515 837 558 Is
857 513 993 571 igitur
1026 513 1073 556 in
1094 511 1334 574 plerosque
1352 506 1491 555 libros

23 596 46 608 ²
86 585 380 650 Propheticos
399 578 958 646 scripsitCommentarios,
986 595 1180 640 quorum
1202 579 1347 624 maior
1373 591 1492 640 pars,

36 707 41 711 ,
85 663 138 702 rt
153 654 200 700 in
209 651 388 706 Esaiam,
407 649 710 701 Danielem‚et
722 647 968 711 Prophetas
989 646 1199 700 minores,
1221 645 1333 692 latet
1351 642 1493 690 inedi-

87 731 135 768 ta
163 722 211 767 in
232 717 508 767 Bibliotheca
529 713 762 763 Pontificia
782 719 957 762 Romae
986 717 1043 772 (v.
1066 715 1133 759 Le
1157 716 1282 778 Long
1306 709 1416 759 Bibl.
1450 713 1492 758 S.

0 813 15 826 -
87 806 136 853 p.
148 789 271 850 598)
284 781 556 848 {superstite
565 794 613 830 vt
623 785 797 848 opinor.
829 782 982 830 Editos
1003 791 1156 827 autem
1170 780 1382 827 habemus
1393 795 1496 842 qua·

0 875 13 914 3
90 866 197 903 tuor
204 875 220 910 3
236 870 264 900 e
281 850 441 917 quibus
459 869 543 898 nos
554 868 632 898 eos
652 846 953 912 cognouimus
972 847 1334 912 habemusquein
1355 847 1497 893 mani·

0 916 12 972 f·-
91 922 191 978 bus,
199 923 279 986 qui
297 921 401 968 sunt
418 921 464 966 in
476 918 665 966 Psalmos
684 935 787 966 cum
796 919 954 966 ceteris
965 917 1173 970 Canticis,
1186 927 1235 962 vt
1242 912 1383 961 Mosis
1394 924 1497 970 cet.‚

3 1029 6 1037 .
93 991 204 1039 etin
216 986 528 1036 Habacucum:
550 985 623 1034 sed
640 987 715 1034 hic
734 986 911 1034 breuior
932 982 1004 1040 est,
1024 984 1225 1031 eruditus
1245 996 1410 1036 tamen,
1425 982 1499 1028 ille

91 1054 334 1105 admodum
345 1055 547 1120 copiosus
561 1065 607 1101 et
616 1053 815 1103 eruditus
825 1070 840 1115 3
854 1052 943 1100 fiue
954 1053 1166 1100 Criticam
1177 1047 1499 1115 {pestes-,quam

0 1113 15 1153 '⁸
93 1123 213 1172 bene
224 1120 593 1187 etcircumspessie
605 1121 774 1177 trastat,
783 1122 923 1168 allatis
936 1123 1071 1167 etiam
1083 1117 1349 1166 lefflonibus
1362 1116 1500 1164 Codd.

0 1187 13 1223 ῗ
95 1193 374 1257 scriptorum,
381 1188 473 1239 fine
488 1193 904 1253 interpretationem
926 1188 1073 1251 ipsam.
1099 1188 1395 1251 Inprimisque
1404 1186 1499 1250 ple·

97 1277 183 1308 nus
201 1256 499 1322 est-Exeerptis
518 1275 543 1303 e
556 1259 897 1306 Commentariis
908 1258 1183 1303 Graecorum
1202 1253 1377 1300 ineditis
1389 1263 1501 1308 tum,

98 1326 369 1392 quibusdam
397 1336 445 1372 et
462 1342 596 1383 nunc,
614 1337 662 1374 vt
681 1327 818 1390 supra,
840 1342 923 1389 per
945 1324 1121 1387 Cosmae
1150 1321 1427 1370 occasionem
1455 1331 1503 1366 et

98 1397 283 1460 Eusebii,
310 1396 581 1440 monuimus.
648 1396 771 1441 Dixit
786 1392 844 1439 de
866 1394 954 1439 hoc
978 1392 1329 1447 Commentario,
1364 1404 1504 1454 quem

98 1460 347 1524 ignorabat,
369 1478 473 1508 cum
495 1462 702 1508 Criticam
722 1460 943 1515 scriberet,
964 1462 1116 1506 Simon,
1134 1455 1269 1523 Epist.
1288 1456 1370 1504 Sel.
1393 1473 1437 1520 p.
1462 1472 1502 1503 1.

0 1532 21 1594 ’ξ
29 1554 34 1558 ·
102 1548 150 1578 n.
163 1533 240 1592 36.
261 1527 336 1576 sed
355 1539 528 1576 tantum
542 1528 727 1576 modum
738 1527 953 1576 traaandi
971 1536 1142 1574 textum
1162 1543 1190 1572 e
1201 1525 1506 1573 Grammatica

0 1598 18 1663 :s
100 1598 323 1645 eteritica
341 1598 516 1644 ratione
531 1596 678 1652 tradit,
686 1614 847 1657 magna
866 1611 970 1643 curn
985 1595 1060 1641 viri
1072 1593 1207 1650 laude,
1219 1593 1275 1648 id,
1288 1590 1411 1656 quod
1422 1607 1506 1637 nos

4 1693 15 1700 -
99 1666 182 1714 hic
198 1666 461 1729 quaerimus,
477 1681 572 1711 non
591 1667 781 1724 attingit.
814 1667 907 1711 Hic
925 1665 1057 1724 igitur
1076 1672 1167 1709 tam
1186 1659 1347 1708 dostus
1367 1662 1508 1706 Inter-

0 2154 24 2378 ’,Ἵππη-*φη
0 2131 2 2135 ⁴

102 1749 209 1799 pres
226 1735 273 1781 in
295 1733 380 1779 hnc
396 1730 541 1778 nostra
558 1735 812 1779 narratione
829 1747 923 1778 non
945 1731 1238 1795 praetermitti
1253 1725 1412 1793 potest.
1435 1722 1507 1772 Est

17 1833 23 1836 ·
103 1810 256 1851 autem
274 1802 322 1847 in
339 1800 543 1847 vniuerso
564 1798 745 1864 quidem
767 1815 932 1860 genere
950 1796 1275 1863 interpretandi
1294 1794 1441 1843 similis
1460 1793 1510 1840 il·

105 1869 173 1922 lis,
191 1867 248 1914 de
265 1865 428 1930 quibus
447 1865 653 1922 diximum
669 1867 742 1913 sed
762 1884 923 1928 magna
944 1883 1047 1914 cum
1068 1863 1292 1912 modestia.
1358 1862 1511 1909 Veluti

106 1934 329 1982 Psalmum
339 1933 581 1981 secundum
592 1935 761 1981 mauult
780 1946 825 1981 et
843 1934 935 1997 ipse
953 1937 1106 1997 typice
1124 1933 1314 1993 intelligi
1329 1949 1341 1989 ;
1358 1931 1513 1977 saltem

109 2010 294 2067 apparet
309 2016 407 2051 eam
423 2001 644 2047 rationem
656 2000 733 2063 ipfi
752 2017 845 2047 non
859 1999 1098 2062 displicere.
1128 1998 1340 2053 Hebraei,
1351 1999 1513 2061 inquit,

109 2077 185 2134 (p.
194 2072 344 2129 25.6.)
364 2066 421 2112 de
438 2066 569 2114 rebus
578 2066 726 2114 Dauid
746 2068 868 2115 hunc
877 2067 1095 2114 Psalmum
1115 2083 1248 2127 agere
1265 2077 1438 2130 putant.
1456 2091 1475 2100 -
1495 2090 1514 2099 -

109 2133 270 2186 Nostri
286 2134 382 2181 fere
401 2133 456 2180 de
466 2132 639 2181 Christo
658 2133 998 2195 intelligendum
1021 2133 1213 2188 censent,
1224 2150 1340 2199 quos
1362 2135 1407 2180 in
1429 2132 1515 2178 hac

40 2228 46 2238 =
108 2213 240 2270 parto
256 2217 344 2250 nos
366 2218 555 2266 ‘quoque
583 2201 806 2266 sequimur
823 2229 839 2237 -
858 2230 875 2238 ·
898 2206 1010 2249 Non
1037 2219 1252 2263 negamus
1282 2212 1446 2257 tamen,
1464 2211 1516 2246 vt

109 2270 207 2325 fere
222 2271 389 2324 omnia,
406 2286 519 2334 quae
538 2270 583 2316 in
605 2274 657 2315 V.
680 2274 741 2318 T.
761 2267 876 2330 gesta
897 2270 1008 2326 sunt,
1018 2269 1279 2316 futurorum
1299 2269 1515 2329 imagines

35 2356 51 2372 ⁸
110 2338 311 2393 fumat,
342 2334 402 2383 fic
421 2340 661 2401 praecipue
684 2336 830 2384 Dauid
852 2335 1011 2384 Christi
1040 2335 1230 2396 figuram
1260 2333 1435 2397 geffiffe,
1465 2344 1517 2382 vt

42 2428 51 2435 ⁶
112 2421 269 2454 rerum
295 2402 455 2453 christi
492 2406 643 2464 imago
670 2407 717 2452 in
744 2405 879 2451 rebus
911 2406 1004 2451 eius
1038 2402 1321 2467 praecesserit
1351 2415 1433 2451 cet.
1466 2406 1518 2450 ln

113 2473 190 2536 Pfl
194 2472 331 2521 XVI.
351 2468 511 2519 Christi
531 2470 663 2518 verba
683 2470 822 2518 modo
842 2470 949 2518 facit
972 2469 1119 2518 versus
1136 2483 1184 2532 7.
1196 2473 1239 2528 8.
1257 2488 1346 2519 nec
1362 2482 1519 2518 tamen

112 2539 355 2597 admodum
382 2539 631 2586 aduersatur
651 2539 718 2594 iis,
749 2540 825 2603 qui
842 2549 888 2584 et
908 2538 992 2584 hos
1011 2537 1195 2585 Dauidis
1214 2537 1423 2599 fecerint,
1446 2537 1521 2585 sed

54 2612 58 2613 ⁷
112 2609 201 2659 lac
228 2605 507 2664 conditione,
541 2618 588 2652 vt
617 2606 712 2670 spes
733 2605 916 2652 Dauidis
945 2607 1111 2652 nitatur
1140 2603 1220 2652 filii
1250 2606 1327 2662 sui,
1348 2604 1522 2661 Christi,

117 2673 444 2737 resurtestione.
524 2678 588 2722 At
618 2684 774 2722 contra
794 2674 870 2738 Ps
898 2675 1003 2722 XL,
1033 2689 1128 2721 non
1154 2673 1276 2739 sequi
1301 2675 1400 2723 vult
1430 2690 1525 2750 eos3

1441 2757 1522 2807 qun
