1682 3068
175 148 270 203 328
610 157 682 186 nx
759 144 1142 191 nxserrun'a

175 261 267 325 ipse
286 262 427 309 facere
448 259 626 318 debeat,
661 265 732 312 vel
752 264 841 312 aliis
863 267 1128 332 praecipere,
1162 265 1411 327 intelligere
1431 268 1575 333 poffit.

179 332 382 383 Etenim,
426 327 503 375 etsi
527 334 706 377 virtutes
736 343 781 380 et
799 330 941 381 officia
972 335 1014 380 in
1038 350 1197 394 magna
1234 334 1336 380 sunt
1356 338 1577 392 varietate,

180 409 328 446 tamen
351 397 533 444 eandem
556 399 755 458 regulam
779 400 965 457 habent,
1007 401 1059 448 ad
1083 419 1210 464 quam
1244 398 1463 450 efficiendi
1480 421 1577 452 mo-

181 465 287 522 duS,
324 464 525 529 adeoque
546 470 824 524 exercitatio,
865 468 992 529 dirigi
1015 469 1160 516 debet.

279 549 302 591 3
317 550 354 591 3.
391 531 472 579 Sed
494 537 595 596 quia
617 536 662 580 in
682 540 804 583 omni
824 539 1137 583 exercitatione
1159 537 1351 600 primurn
1372 534 1495 584 estin
1516 539 1576 585 vi·

179 601 303 650 ribus
334 599 387 647 ad
413 599 693 649 efficiendum
719 603 766 650 id
796 604 990 659 idoneis,
1026 606 1070 651 in
1100 621 1188 665 quo
1222 605 1427 651 volumus
1458 621 1577 652 exer-

181 686 300 716 ceri:
354 681 458 715 ante
479 672 631 716 omnia
649 670 885 718 videndum
915 670 1000 727 est,
1039 672 1152 718 vnde
1174 673 1288 718 vires
1310 674 1580 733 contingant

183 737 236 784 ad
267 737 624 784 exercitationem
657 737 886 787 sanstitatis
917 737 1205 795 Christianae,
1243 749 1290 786 et
1322 740 1579 803 quomod03

181 821 242 852 ne
262 816 497 851 conantem
529 822 731 852 exercere
753 824 868 870 opus
888 810 983 854 eius
1003 806 1211 853 deficiant
1234 825 1290 853 ne
1314 809 1368 853 ui.
1413 811 1465 854 In
1485 825 1578 869 quo
1619 828 1625 834 ·

181 871 314 920 nobis
344 871 516 919 sumere
542 873 646 920 licet
675 875 765 921 hoc
790 876 916 929 loco,
984 876 1104 934 quod
1142 877 1187 921 in
1217 876 1448 921 elementis
1479 873 1580 921 fidei

183 935 450 988 Christianae
471 939 682 1001 docetur,
721 959 790 988 eas
817 944 930 989 vires
961 940 1044 988 effe
1071 961 1095 989 a
1113 946 1210 989 Deo
1242 942 1482 1006 spirituque
1521 942 1581 989 di·

181 1010 327 1070 vino„
359 1018 404 1053 et
424 1010 686 1068 contingere
716 1011 788 1064 iis,
835 1012 910 1072 qui
940 1020 1065 1056 metu
1095 1026 1145 1056 ac
1163 1011 1317 1058 dolore
1345 1027 1369 1055 e
1387 1014 1579 1073 peccatis

183 1076 424 1131 commoti,
469 1075 576 1121 serio
608 1079 965 1124 renuntiauerint
994 1078 1127 1131 vitiis,
1174 1090 1219 1124 et
1246 1076 1462 1140 promissis
1493 1080 1580 1125 Dei

179 1159 263 1208 per
292 1141 432 1189 filium
465 1144 603 1190 Iesum
629 1142 847 1191 Christum
871 1146 981 1198 nixi,
1022 1143 1392 1192 condonationem
1426 1146 1581 1209 culpae

181 1212 328 1258 omnis
350 1220 394 1256 et
413 1212 644 1273 petierint,
678 1224 722 1258 et
740 1209 815 1258 fibi
835 1209 1068 1271 contigisse
1087 1210 1326 1260 confidant.
1390 1216 1509 1259 Nam
1532 1215 1580 1259 'in

181 1278 250 1327 his
281 1278 379 1324 solis
410 1275 493 1322 effe
521 1276 667 1341 potest
693 1296 823 1326 verus
855 1296 980 1325 amor
1010 1280 1115 1334 Dei,
1170 1290 1216 1324 et
1248 1296 1345 1326 vera
1376 1281 1582 1330 voluntas

181 1344 420 1394 obediendi
445 1348 693 1408 praeceptis
715 1348 809 1393 eius
833 1357 967 1409 atque
978 1346 1197 1392 voluntati
1213 1346 1453 1410 vniuersae,⁴
1470 1363 1585 1410 quae

181 1412 281 1479 post
303 1409 423 1459 saitis
446 1410 796 1471 demonstretur,
824 1414 1060 1462 adiuuante
1078 1430 1160 1480 per
1181 1413 1366 1462 verbum
1387 1415 1473 1461 Dei
1488 1417 1582 1481 Spi-

181 1483 272 1529 ritu
307 1477 468 1528 fausto.

291 1565 370 1606 34-
418 1550 686 1601 Enimuero,
735 1563 876 1611 quum
905 1565 953 1595 ea
986 1546 1159 1595 homini
1188 1550 1438 1610 contigere,
1482 1558 1582 1596 tum

183 1633 293 1664 vero
314 1631 383 1663 res
404 1618 550 1662 omnis
573 1616 686 1663 redit
706 1615 756 1662 ad
783 1619 872 1663 eius
893 1617 1135 1663 voluntatis
1159 1633 1401 1685 earumque
1421 1617 1581 1663 virium

183 1685 308 1733 vsum
332 1699 410 1747 per
428 1686 763 1729 exercitationes
777 1719 786 1736 ,
815 1696 860 1730 vt
878 1695 922 1730 et
942 1683 1294 1730 corroborentur
1313 1682 1440 1745 ipsae,
1460 1682 1583 1730 fiant-

183 1769 275 1816 que
294 1751 347 1798 ad
367 1749 587 1810 agendum
610 1749 902 1805 efficaciores,
947 1761 993 1797 et
1014 1751 1192 1796 vincere
1222 1749 1383 1814 poffint
1401 1748 1584 1797 difficul-

183 1830 299 1867 tates
320 1817 682 1880 vndecunque'se
706 1821 971 1877 ingerentes.
1008 1822 1174 1879 Neque
1194 1820 1314 1865 enim
1333 1819 1423 1864 vllo
1444 1818 1585 1866 modo

185 1886 305 1934 credi
330 1885 482 1938 debet,
525 1886 571 1932 in
601 1883 674 1933 ista
694 1902 813 1934 noua
840 1886 975 1932 animi
1004 1884 1255 1934 adfefflone
1283 1902 1334 1932 ac.
1354 1886 1584 1945 voluntate

185 1954 441 2017 viribusque
473 1954 620 2000 omnia
652 1952 758 2008 effe,
814 1966 857 1999 et
889 1969 1025 1999 omne
1061 1952 1166 1999 inde
1195 1969 1338 2012 genus
1368 1956 1584 2006 virtutum

183 2021 278 2070 fine
305 2021 456 2069 labore
489 2020 624 2076 nasci3
693 2038 784 2084 quo
814 2022 943 2066 nimis
975 2022 1075 2067 sunt
1102 2021 1326 2083 procliues
1356 2019 1592 2068 homines:-

184 2092 328 2137 immo
351 2089 456 2135 vero
475 2090 520 2134 in
542 2086 627 2137 istis
650 2087 786 2135 modo
806 2089 985 2135 materia
1007 2085 1068 2134 est
1088 2098 1134 2135 et
1154 2089 1277 2136 velut
1293 2087 1439 2134 semen
1454 2089 1586 2138 virtu-

185 2168 310 2212 tum,
340 2157 542 2203 nondum
567 2174 679 2221 opus
702 2157 876 2202 virtutis
896 2155 1051 2220 ipsum,
1080 2156 1285 2202 nondum
1306 2154 1460 2215 fruges
1479 2171 1585 2217 ope-

184 2241 287 2272 rum
313 2240 600 2285 magnorum,
641 2242 663 2269 a
687 2222 930 2270 Christiano
957 2225 1003 2269 in
1028 2224 1236 2270 omnibus
1256 2224 1371 2269 vitae
1388 2221 1587 2286 partibus

184 2291 576 2357 perficiendorum.
654 2292 733 2339 Illa
750 2290 836 2355 ipsa
856 2290 972 2338 bona
993 2290 1216 2346 voluntas,
1252 2292 1452 2354 quamuis
1473 2307 1586 2343 vera,

186 2371 340 2407 tamen
373 2360 510 2417 magis
544 2361 636 2406 voti
665 2363 752 2406 v³m
785 2357 943 2411 habet,
992 2374 1128 2420 quam
1158 2357 1423 2413 voluntatis,
1477 2373 1586 2421 quae

185 2428 372 2491 proprie
398 2426 588 2473 dicatur:
637 2443 737 2474 nam
759 2443 811 2472 ea
831 2423 890 2471 est
915 2426 968 2472 in‘
991 2422 1092 2474 astu
1120 2426 1236 2485 ipso,
1269 2438 1459 2488 tumque
1486 2441 1587 2488 pro·

183 2496 283 2559 prie
301 2494 510 2541 volumus
533 2494 699 2550 facere,
730 2511 830 2541 cum
853 2493 1052 2542 facimus.
1120 2490 1289 2555 Quodfi
1308 2494 1429 2556 quiS,
1462 2491 1587 2539 indu-

184 2558 282 2609 ἕως
305 2562 493 2620 vulgatis
515 2561 618 2609 fidei
640 2561 864 2615 laudibus,
905 2561 1026 2607 secus
1045 2561 1285 2620 existimet2
1311 2561 1512 2609 celeriter
1531 2558 1587 2605 ad

182 2629 506 2692 negligentiam
531 2641 579 2678 et
605 2631 826 2693 ignauiam
854 2630 1046 2689 venerit,
1111 2645 1196 2695 per
1235 2644 1366 2692 quam
1397 2630 1510 2673 vires
1541 2639 1587 2674 et

1003 2716 1006 2717 ⁷
1402 2704 1586 2742 materia
