1682 3068
218 188 313 239 302
655 169 1164 223 n’e'nxscx‘rtxna

215 298 396 363 imperii
416 298 462 344 et
474 298 639 362 patriae
661 293 914 362 pertinuisse
925 305 1006 347 cet.
1029 299 1086 346 cf.
1097 297 1254 357 Rollin,
1273 292 1618 351 Maniere‘ld’ltu·

218 371 307 415 dier
322 375 363 412 et
375 366 581 431 enfiigner
599 366 656 412 les
665 368 784 414 belles
802 369 946 414 lettres
958 369 1005 414 T.
1018 371 1050 415 I
1050 371 1112 418 II.
1113 387 1163 432 p.
1178 383 1288 431 379.
1291 371 1386 434 sqq.
1414 371 1502 417 His
1513 386 1617 434 por·
1675 402 1682 408 ,

217 451 271 481 ro
291 430 482 480 sensibus
508 431 694 497 publicis
725 435 913 482 ciuitatis
932 438 1158 482 Romanae
1175 435 1438 497 adiungunt,
1468 441 1511 484 in
1536 436 1616 483 dis·
1679 438 1682 442 ⁴

217 501 379 565 eiplina
399 500 788 548 commemoranda
809 512 855 548 et
875 502 1141 566 explicanda,
1171 506 1392 550 maiorum
1411 502 1617 562 instituta,

217 579 269 617 vt
287 568 430 616 Cicero
455 570 576 618 Verr.
596 571 692 624 III,
715 573 789 631 69.
811 568 882 615 vbi
901 572 1051 619 liberos
1078 574 1244 618 erudire
1270 570 1395 619 iubet
1420 577 1478 620 ad
1491 575 1618 619 maio·

219 636 532 701 rum-instituta
551 645 592 683 et
623 636 871 699 disciplinam
898 641 1103 693 ciuitatis,
1148 637 1344 703 locisque
1376 638 1487 686 aliis:
1531 655 1617 685 nec

219 706 457 770 quicquam
485 703 760 768 frequentius
786 702 858 762 est,
892 705 1010 769 apud
1043 706 1223 752 Latinos
1251 705 1458 770 quidem,
1489 722 1616 753 men·

218 775 344 819 tione
366 769 674 829 institutorum,
708 787 822 836 quae
841 772 967 836 saepe
987 788 1090 818 cum
1111 773 1311 820 moribus
1331 775 1616 834 coniungun·
1680 833 1682 837 Ι

218 850 305 896 tur,
336 837 453 905 apud
472 839 668 887 Graecos
698 850 856 896 autem,
889 837 1092 887 laudibus
1121 838 1425 888 institutorum
1455 845 1615 890 Roma·

220 923 400 964 norum,
433 917 482 953 vt
498 905 614 970 apud
635 908 868 971 Polybium,
898 909 942 953 in
962 906 1062 954 libri
1089 908 1191 954 sexti
1211 910 1452 973 excerptis3
1483 911 1526 955 in
1548 909 1616 954 his
1657 935 1660 937 >

220 977 329 1034 eius,
362 992 454 1038 quo
476 975 522 1020 in
543 973 772 1021 funeribus
793 974 1009 1022 nobilium
1037 974 1287 1032 vtebantur,
1320 975 1443 1040 quod
1464 975 1536 1022 ille
1555 977 1616 1022 ait
1675 987 1682 1034 j

220 1040 556 1090 efficacissimum
589 1039 714 1089 fuisse
751 1041 804 1088 ad
834 1041 1186 1103 ingenerandum
1214 1060 1410 1090 amorem
1442 1044 1616 1091 virtutis

219 1120 269 1157 et
293 1108 442 1165 laudis,
473 1122 520 1156 et
552 1108 818 1156 iniiciendos
846 1108 1043 1158 stimulos
1070 1127 1227 1172 'rerum
1262 1128 1347 1174 pro
1377 1113 1515 1176 patria
1541 1127 1616 1172 ge-

216 1177 464 1226 rendarum.
533 1175 725 1224 Vicissim
747 1179 887 1224 Latini
910 1177 1034 1241 saepe
1053 1175 1245 1225 instituta
1257 1182 1452 1244 Lycurgi
1473 1189 1519 1225 et
1538 1182 1616 1225 So·
1674 1211 1681 1243 ‘z

215 1247 333 1295 lonis
364 1243 554 1301 laudant,
589 1255 636 1292 vt
664 1244 937 1292 solertissime
964 1248 1223 1305 excogitata,
1251 1256 1297 1292 et
1328 1240 1616 1294 efficacissima

219 1313 276 1361 ad
304 1314 515 1359 virtutem
549 1313 724 1359 ciuium.
794 1314 1003 1375 Denique
1030 1314 1365 1359 exercitationes
1384 1312 1616 1359 sollemnes
1673 1340 1678 1349 ·

217 1391 266 1429 et
285 1380 464 1445 publice
482 1379 764 1444 praescriptas
787 1386 1156 1435 commemorant,
1179 1379 1340 1444 quibus
1360 1398 1397 1426 v.
1410 1397 1443 1426 c.
1465 1382 1618 1427 iuuen-

167 1502 171 1503 ⁷
215 1459 287 1497 tus
324 1459 525 1494 vteretur
552 1446 813 1503 necessario,
842 1458 889 1494 vt
920 1448 1224 1494 consuesceret
1251 1444 1469 1495 molestias
1496 1445 1616 1494 labo·

215 1531 340 1570 rum,
371 1518 664 1580 paupertatis,
696 1515 872 1562 dolores
900 1516 1136 1562 vulnerum
1165 1515 1304 1570 ferre,
1339 1516 1615 1579 omninoque

213 1585 373 1636 facere,
409 1583 528 1647 quod
555 1593 743 1647 propter
773 1585 1005 1630 vtilitatem
1036 1582 1256 1649 publicam
1286 1581 1405 1628 bello
1436 1597 1488 1628 ac
1502 1594 1615 1646 pace

216 1650 464 1700 faciendum
488 1649 603 1696 esset.
1612 1660 1615 1663 ’

232 1729 235 1732 “
318 1734 363 1780 9.
401 1716 572 1774 Quodsi
602 1717 894 1781 Philosophos
931 1717 1198 1764 consulimus
1233 1715 1363 1780 super
1391 1716 1614 1782 disciplina

217 1788 389 1853 priuata
423 1788 606 1840 virtutis,
635 1795 682 1830 et
710 1785 897 1830 ciuitatis
918 1783 1103 1848 publica,
1141 1782 1295 1830 eadem
1316 1786 1469 1831 omnia
1486 1801 1614 1850 repe-

215 1857 358 1902 rimus
388 1854 432 1899 in
461 1851 662 1917 partibus
695 1851 945 1916 disciplinae
973 1854 1096 1916 poni.
1169 1850 1447 1898 Admirabilis
1477 1853 1612 1915 inprl·
1664 1906 1677 1926 ,

217 1924 304 1969 mis
341 1923 385 1968 in
415 1921 503 1966 hoc
528 1930 796 1981 argumento
825 1917 1053 1965 trassando
1087 1916 1147 1964 est
1166 1920 1309 1975 Plato,
1360 1920 1485 1964 cuius
1515 1918 1614 1965 libri

216 1989 391 2038 Politici
408 1987 522 2034 nihil
543 1988 740 2053 pulcrius
769 1987 934 2032 habent
963 1985 1329 2051 disputationibus
1348 1984 1402 2031 de
1425 1985 1616 2051 discipli·
1652 1978 1673 2035 s

215 2074 273 2104 na
296 2057 462 2122 priuata
489 2065 534 2102 et
560 2055 748 2120 publica,
779 2066 826 2100 vt
845 2056 1046 2119 inprimis
1079 2053 1191 2100 liber
1211 2063 1389 2117 quartus
1408 2057 1458 2099 de
1476 2055 1615 2116 Repu*
1666 2077 1671 2079 ·

217 2127 333 2182 blica,
347 2140 439 2171 non
451 2139 563 2169 vnus
575 2126 624 2169 de
635 2125 825 2187 Legibus,
838 2134 884 2168 vt
893 2125 1078 2187 primus,
1099 2119 1326 2173 secundus,
1337 2120 1555 2184 septimus,
1565 2131 1614 2169 et

214 2195 444 2256 Epinomis.
510 2189 595 2236 Sed
613 2190 687 2237 ille
707 2189 964 2253 disciplinae,
1000 2206 1082 2254 per
1111 2205 1240 2254 quam
1264 2188 1374 2235 boni
1391 2190 1468 2234 viri
1487 2198 1534 2234 et
1553 2188 1614 2245 cif
1660 2203 1673 2234 :T

213 2277 299 2309 ves-
313 2258 431 2313 fiant,
467 2259 616 2305 omnia
637 2275 685 2304 ea
703 2257 869 2310 tribuit,
906 2274 1017 2321 quae
1034 2274 1116 2303 nos
1136 2258 1180 2301 in
1202 2259 1298 2301 eius
1315 2254 1510 2319 partibus
1530 2271 1610 2318 po·

215 2329 390 2378 suimus,
458 2326 644 2389 Epiffeti
662 2325 949 2372 Enchiridion
969 2322 1173 2388 profesto
1198 2322 1309 2369 nihil
1332 2321 1463 2368 babet
1483 2320 1611 2380 aliud⁸
1663 2344 1670 2360 z

215 2411 349 2460 quam
381 2393 647 2459 disciplinam
675 2394 860 2439 virtutis.
938 2395 1044 2439 Eam
1073 2401 1220 2438 autem
1251 2387 1382 2436 tradit
1408 2388 1610 2446 sensibus,

214 2461 431 2515 institutis,
463 2474 514 2515 et
536 2458 939 2515 exercitationibus,
978 2462 1090 2524 aptis
1124 2458 1178 2504 ad
1205 2457 1382 2503 virtutis·
1409 2473 1610 2506 amorem
1659 2477 1663 2480 ·

214 2540 261 2575 et
290 2527 654 2576 consuetudinem
690 2527 1019 2589 suscipiendam,
1048 2537 1110 2581 vt,
1145 2526 1220 2588 qui
1251 2524 1406 2584 legerit
1425 2535 1609 2581 attente,

213 2597 340 2643 facile
370 2599 581 2658 reperiet:
617 2594 734 2641 vnde
763 2596 924 2642 Graeci
952 2594 1220 2656 Philosophi,
1254 2591 1328 2654 qui
1356 2589 1400 2636 id
1419 2593 1608 2657 opuscu·
1647 2623 1655 2627 -

212 2665 309 2712 lum
323 2661 942 2728 commentariis'illustrauere,
956 2663 1172 2712 Arrianus
1184 2668 1227 2706 et
1238 2659 1481 2720 Simplicius,
1495 2659 1609 2736 mul:

1572 2737 1608 2773 Η
1649 2776 1653 2784 ,

1677 2605 1682 2671 κι-ᾼ
1661 2551 1671 2566 N·
1662 2383 1666 2386 Ι
1667 2240 1673 2251 *⁵
