<?xml version="1.0" encoding="UTF-8"?>
<!DOCTYPE html PUBLIC "-//W3C//DTD XHTML 1.0 Transitional//EN"
    "http://www.w3.org/TR/xhtml1/DTD/xhtml1-transitional.dtd">
<html xmlns="http://www.w3.org/1999/xhtml" xml:lang="en" lang="en">
 <head>
  <title>
</title>
<meta http-equiv="Content-Type" content="text/html;charset=utf-8" />
  <meta name='ocr-system' content='tesseract 3.04.00' />
  <meta name='ocr-capabilities' content='ocr_page ocr_carea ocr_par ocr_line ocrx_word'/>
</head>
<body>
  <div class='ocr_page' id='page_1' title='image "./opusculatheologi00erneuoft_0309.png"; bbox 0 0 1682 3068; ppageno 0'>
   <div class='ocr_carea' id='block_1_1' title="bbox 338 111 1465 179">
    <p class='ocr_par' dir='ltr' id='par_1_1' title="bbox 338 111 1465 179">
     <span class='ocr_line' id='line_1_1' title="bbox 338 111 1465 179; baseline -0.004 -8"><span class='ocrx_word' id='word_1_1' title='bbox 338 138 415 171; x_wconf 54' lang='lat' dir='ltr'>11«v</span> <span class='ocrx_word' id='word_1_2' title='bbox 438 133 735 169; x_wconf 67' lang='lat' dir='ltr'>nnuman:</span> <span class='ocrx_word' id='word_1_3' title='bbox 777 133 1196 168; x_wconf 60' lang='lat' dir='ltr'>consen-venna</span> <span class='ocrx_word' id='word_1_4' title='bbox 1229 129 1232 132; x_wconf 70' lang='grc'>’</span> <span class='ocrx_word' id='word_1_5' title='bbox 1368 111 1465 179; x_wconf 63' lang='grc'>287</span> 
     </span>
    </p>
   </div>
   <div class='ocr_carea' id='block_1_2' title="bbox 19 235 1532 2732">
    <p class='ocr_par' dir='ltr' id='par_1_2' title="bbox 25 235 1465 307">
     <span class='ocr_line' id='line_1_2' title="bbox 25 235 1465 307; baseline -0.01 -10"><span class='ocrx_word' id='word_1_6' title='bbox 25 277 32 306; x_wconf 55' lang='lat'>5</span> <span class='ocrx_word' id='word_1_7' title='bbox 75 262 260 301; x_wconf 81' lang='lat' dir='ltr'>omnem</span> <span class='ocrx_word' id='word_1_8' title='bbox 275 235 504 306; x_wconf 60' lang='lat' dir='ltr'>&#39;religionis</span> <span class='ocrx_word' id='word_1_9' title='bbox 521 242 693 290; x_wconf 86' lang='lat' dir='ltr'>sensum</span> <span class='ocrx_word' id='word_1_10' title='bbox 713 253 945 298; x_wconf 82' lang='lat' dir='ltr'>exuerent,</span> <span class='ocrx_word' id='word_1_11' title='bbox 980 240 1054 290; x_wconf 86' lang='lat' dir='ltr'>sed</span> <span class='ocrx_word' id='word_1_12' title='bbox 1074 249 1339 307; x_wconf 68' lang='lat' dir='ltr'>perpetuam</span> <span class='ocrx_word' id='word_1_13' title='bbox 1359 255 1465 303; x_wconf 85' lang='lat' dir='ltr'>pee-</span> 
     </span>
    </p>

    <p class='ocr_par' dir='ltr' id='par_1_3' title="bbox 19 307 1532 1439">
     <span class='ocr_line' id='line_1_3' title="bbox 19 307 1467 379; baseline -0.006 -17"><span class='ocrx_word' id='word_1_14' title='bbox 19 348 26 355; x_wconf 82' lang='grc'><strong>-</strong></span> <span class='ocrx_word' id='word_1_15' title='bbox 74 319 160 364; x_wconf 87' lang='lat' dir='ltr'>cati</span> <span class='ocrx_word' id='word_1_16' title='bbox 186 311 592 379; x_wconf 62' lang='lat' dir='ltr'>exprobationem,</span> <span class='ocrx_word' id='word_1_17' title='bbox 633 321 680 357; x_wconf 90' lang='lat' dir='ltr'>et</span> <span class='ocrx_word' id='word_1_18' title='bbox 699 309 834 358; x_wconf 83' lang='lat' dir='ltr'>officii</span> <span class='ocrx_word' id='word_1_19' title='bbox 863 328 914 358; x_wconf 85' lang='lat' dir='ltr'>ae</span> <span class='ocrx_word' id='word_1_20' title='bbox 936 310 1238 373; x_wconf 79' lang='lat' dir='ltr'>poenitentiae</span> <span class='ocrx_word' id='word_1_21' title='bbox 1264 307 1467 354; x_wconf 79' lang='lat' dir='ltr'>admoni-</span> 
     </span>
     <span class='ocr_line' id='line_1_4' title="bbox 74 372 1467 444; baseline -0.005 -15"><span class='ocrx_word' id='word_1_22' title='bbox 74 378 497 444; x_wconf 66' lang='lat' dir='ltr'>tionemhnbetd‘nt,</span> <span class='ocrx_word' id='word_1_23' title='bbox 535 395 768 443; x_wconf 85' lang='lat' dir='ltr'>perquam</span> <span class='ocrx_word' id='word_1_24' title='bbox 799 376 1076 425; x_wconf 74' lang='lat' dir='ltr'>occasionem</span> <span class='ocrx_word' id='word_1_25' title='bbox 1102 379 1211 440; x_wconf 88' lang='lat' dir='ltr'>quin</span> <span class='ocrx_word' id='word_1_26' title='bbox 1240 372 1467 424; x_wconf 79' lang='lat' dir='ltr'>interdum</span> 
     </span>
     <span class='ocr_line' id='line_1_5' title="bbox 74 442 1467 500; baseline -0.007 -3"><span class='ocrx_word' id='word_1_27' title='bbox 74 444 353 500; x_wconf 49' lang='lat' dir='ltr'>hominaegad</span> <span class='ocrx_word' id='word_1_28' title='bbox 367 446 597 497; x_wconf 85' lang='lat' dir='ltr'>meliorem</span> <span class='ocrx_word' id='word_1_29' title='bbox 615 457 817 493; x_wconf 83' lang='lat' dir='ltr'>mentem</span> <span class='ocrx_word' id='word_1_30' title='bbox 836 442 1034 493; x_wconf 80' lang='lat' dir='ltr'>reuocati</span> <span class='ocrx_word' id='word_1_31' title='bbox 1050 443 1134 491; x_wconf 86' lang='lat' dir='ltr'>fint</span> <span class='ocrx_word' id='word_1_32' title='bbox 1145 476 1157 499; x_wconf 92' lang='lat'>,</span> <span class='ocrx_word' id='word_1_33' title='bbox 1187 443 1467 492; x_wconf 75' lang='lat' dir='ltr'>dubitarivix</span> 
     </span>
     <span class='ocr_line' id='line_1_6' title="bbox 74 511 1465 583; baseline -0.005 -20"><span class='ocrx_word' id='word_1_34' title='bbox 74 513 457 583; x_wconf 60' lang='lat' dir='ltr'>potestisalterum</span> <span class='ocrx_word' id='word_1_35' title='bbox 478 524 627 561; x_wconf 86' lang='lat' dir='ltr'>autem</span> <span class='ocrx_word' id='word_1_36' title='bbox 649 514 856 575; x_wconf 84' lang='lat' dir='ltr'>homines</span> <span class='ocrx_word' id='word_1_37' title='bbox 875 512 1023 558; x_wconf 83' lang='lat' dir='ltr'>saltem</span> <span class='ocrx_word' id='word_1_38' title='bbox 1044 514 1091 559; x_wconf 90' lang='lat' dir='ltr'>in</span> <span class='ocrx_word' id='word_1_39' title='bbox 1111 513 1341 576; x_wconf 79' lang='lat' dir='ltr'>peccando</span> <span class='ocrx_word' id='word_1_40' title='bbox 1352 511 1465 557; x_wconf 82' lang='lat' dir='ltr'>timi-</span> 
     </span>
     <span class='ocr_line' id='line_1_7' title="bbox 76 574 1465 646; baseline -0.008 -12"><span class='ocrx_word' id='word_1_41' title='bbox 76 574 474 637; x_wconf 62' lang='lat' dir='ltr'>diores-reddebat,</span> <span class='ocrx_word' id='word_1_42' title='bbox 509 591 556 628; x_wconf 88' lang='lat' dir='ltr'>et</span> <span class='ocrx_word' id='word_1_43' title='bbox 582 591 710 628; x_wconf 86' lang='lat' dir='ltr'>metu</span> <span class='ocrx_word' id='word_1_44' title='bbox 733 599 758 628; x_wconf 90' lang='lat' dir='ltr'>a</span> <span class='ocrx_word' id='word_1_45' title='bbox 778 578 975 646; x_wconf 61' lang='lat' dir='ltr'>peccatis</span> <span class='ocrx_word' id='word_1_46' title='bbox 996 580 1149 626; x_wconf 84' lang='lat' dir='ltr'>multis</span> <span class='ocrx_word' id='word_1_47' title='bbox 1181 576 1465 629; x_wconf 80' lang='lat' dir='ltr'>abstrahebat.</span> 
     </span>
     <span class='ocr_line' id='line_1_8' title="bbox 46 644 1465 714; baseline -0.006 -16"><span class='ocrx_word' id='word_1_48' title='bbox 46 698 48 701; x_wconf 81' lang='grc'><strong>,</strong></span> <span class='ocrx_word' id='word_1_49' title='bbox 73 649 336 703; x_wconf 57' lang='lat' dir='ltr'>Sedwelior</span> <span class='ocrx_word' id='word_1_50' title='bbox 355 648 426 694; x_wconf 86' lang='lat' dir='ltr'>illa</span> <span class='ocrx_word' id='word_1_51' title='bbox 444 647 499 695; x_wconf 83' lang='lat' dir='ltr'>ad</span> <span class='ocrx_word' id='word_1_52' title='bbox 522 649 622 711; x_wconf 90' lang='lat' dir='ltr'>pios</span> <span class='ocrx_word' id='word_1_53' title='bbox 640 651 867 714; x_wconf 84' lang='lat' dir='ltr'><strong>pertinens</strong></span> <span class='ocrx_word' id='word_1_54' title='bbox 886 646 1130 711; x_wconf 76' lang='lat' dir='ltr'><strong>disciplina,</strong></span> <span class='ocrx_word' id='word_1_55' title='bbox 1168 650 1238 695; x_wconf 87' lang='lat' dir='ltr'>vel</span> <span class='ocrx_word' id='word_1_56' title='bbox 1257 648 1309 694; x_wconf 88' lang='lat' dir='ltr'>ad</span> <span class='ocrx_word' id='word_1_57' title='bbox 1328 644 1465 693; x_wconf 86' lang='lat' dir='ltr'>scien-</span> 
     </span>
     <span class='ocr_line' id='line_1_9' title="bbox 72 712 1532 778; baseline -0.003 -16"><span class='ocrx_word' id='word_1_58' title='bbox 72 721 179 767; x_wconf 76' lang='lat' dir='ltr'>tiam</span> <span class='ocrx_word' id='word_1_59' title='bbox 193 727 253 771; x_wconf 55' lang='grc' dir='ltr'>,ος</span> <span class='ocrx_word' id='word_1_60' title='bbox 278 713 414 762; x_wconf 88' lang='lat' dir='ltr'>fidem</span> <span class='ocrx_word' id='word_1_61' title='bbox 441 715 649 771; x_wconf 84' lang='lat' dir='ltr'>refertur,</span> <span class='ocrx_word' id='word_1_62' title='bbox 684 716 757 765; x_wconf 86' lang='lat' dir='ltr'>vel</span> <span class='ocrx_word' id='word_1_63' title='bbox 786 714 840 763; x_wconf 89' lang='lat' dir='ltr'>ad</span> <span class='ocrx_word' id='word_1_64' title='bbox 860 717 1061 773; x_wconf 87' lang='lat' dir='ltr'>animum</span> <span class='ocrx_word' id='word_1_65' title='bbox 1087 716 1274 778; x_wconf 87' lang='lat' dir='ltr'>eiusque</span> <span class='ocrx_word' id='word_1_66' title='bbox 1305 714 1468 768; x_wconf 68' lang='lat' dir='ltr'>sensm,</span> <span class='ocrx_word' id='word_1_67' title='bbox 1511 712 1532 748; x_wconf 77' lang='grc'>’-</span> 
     </span>
     <span class='ocr_line' id='line_1_10' title="bbox 70 778 1467 848; baseline -0.006 -14"><span class='ocrx_word' id='word_1_68' title='bbox 70 787 143 843; x_wconf 70' lang='lat' dir='ltr'>vel</span> <span class='ocrx_word' id='word_1_69' title='bbox 160 778 214 838; x_wconf 68' lang='lat' dir='ltr'>ad</span> <span class='ocrx_word' id='word_1_70' title='bbox 230 779 476 841; x_wconf 73' lang='lat' dir='ltr'>afflonem3</span> <span class='ocrx_word' id='word_1_71' title='bbox 516 787 864 848; x_wconf 84' lang='lat' dir='ltr'>contineturque</span> <span class='ocrx_word' id='word_1_72' title='bbox 891 780 1098 830; x_wconf 83' lang='lat' dir='ltr'>institutis</span> <span class='ocrx_word' id='word_1_73' title='bbox 1124 793 1228 846; x_wconf 84' lang='lat' dir='ltr'>apte</span> <span class='ocrx_word' id='word_1_74' title='bbox 1247 783 1467 842; x_wconf 77' lang='lat' dir='ltr'>excogita·</span> 
     </span>
     <span class='ocr_line' id='line_1_11' title="bbox 70 848 1467 912; baseline 0 -15"><span class='ocrx_word' id='word_1_75' title='bbox 70 855 128 906; x_wconf 68' lang='lat' dir='ltr'>tis</span> <span class='ocrx_word' id='word_1_76' title='bbox 146 852 203 905; x_wconf 64' lang='lat' dir='ltr'>ul</span> <span class='ocrx_word' id='word_1_77' title='bbox 221 848 444 903; x_wconf 79' lang='lat' dir='ltr'>scientiam</span> <span class='ocrx_word' id='word_1_78' title='bbox 463 852 686 912; x_wconf 84' lang='lat' dir='ltr'>religionis</span> <span class='ocrx_word' id='word_1_79' title='bbox 706 853 953 912; x_wconf 84' lang='lat' dir='ltr'>augendam</span> <span class='ocrx_word' id='word_1_80' title='bbox 974 861 1019 897; x_wconf 89' lang='lat' dir='ltr'>et</span> <span class='ocrx_word' id='word_1_81' title='bbox 1038 849 1312 907; x_wconf 86' lang='lat' dir='ltr'>firmandam,</span> <span class='ocrx_word' id='word_1_82' title='bbox 1328 849 1467 897; x_wconf 86' lang='lat' dir='ltr'>fidem.</span> 
     </span>
     <span class='ocr_line' id='line_1_12' title="bbox 65 917 1466 976; baseline -0.002 -9"><span class='ocrx_word' id='word_1_83' title='bbox 65 918 269 974; x_wconf 79' lang='lat' dir='ltr'>alendam</span> <span class='ocrx_word' id='word_1_84' title='bbox 289 929 336 970; x_wconf 81' lang='lat' dir='ltr'>et</span> <span class='ocrx_word' id='word_1_85' title='bbox 357 919 646 976; x_wconf 77' lang='lat' dir='ltr'>excitandam,</span> <span class='ocrx_word' id='word_1_86' title='bbox 671 918 819 967; x_wconf 85' lang='lat' dir='ltr'>sensus</span> <span class='ocrx_word' id='word_1_87' title='bbox 836 920 974 967; x_wconf 88' lang='lat' dir='ltr'>animi</span> <span class='ocrx_word' id='word_1_88' title='bbox 992 917 1049 965; x_wconf 87' lang='lat' dir='ltr'>ad</span> <span class='ocrx_word' id='word_1_89' title='bbox 1068 934 1272 967; x_wconf 84' lang='lat' dir='ltr'>normam</span> <span class='ocrx_word' id='word_1_90' title='bbox 1296 928 1466 965; x_wconf 87' lang='lat' dir='ltr'>certam</span> 
     </span>
     <span class='ocr_line' id='line_1_13' title="bbox 64 982 1467 1058; baseline -0.001 -24"><span class='ocrx_word' id='word_1_91' title='bbox 64 988 245 1058; x_wconf 70' lang='lat' dir='ltr'>pietatis</span> <span class='ocrx_word' id='word_1_92' title='bbox 275 997 322 1033; x_wconf 85' lang='lat' dir='ltr'>et</span> <span class='ocrx_word' id='word_1_93' title='bbox 349 988 521 1033; x_wconf 84' lang='lat' dir='ltr'>virtutis</span> <span class='ocrx_word' id='word_1_94' title='bbox 550 985 788 1048; x_wconf 78' lang='lat' dir='ltr'>fingendus</span> <span class='ocrx_word' id='word_1_95' title='bbox 822 999 868 1034; x_wconf 86' lang='lat' dir='ltr'>et</span> <span class='ocrx_word' id='word_1_96' title='bbox 894 986 1194 1044; x_wconf 86' lang='lat' dir='ltr'>roborandos,</span> <span class='ocrx_word' id='word_1_97' title='bbox 1239 982 1467 1033; x_wconf 74' lang='lat' dir='ltr'>astionem</span> 
     </span>
     <span class='ocr_line' id='line_1_14' title="bbox 68 1052 1468 1119; baseline -0.003 -17"><span class='ocrx_word' id='word_1_98' title='bbox 68 1054 264 1118; x_wconf 79' lang='lat' dir='ltr'>denique</span> <span class='ocrx_word' id='word_1_99' title='bbox 291 1055 418 1100; x_wconf 85' lang='lat' dir='ltr'>vitae·</span> <span class='ocrx_word' id='word_1_100' title='bbox 441 1054 746 1102; x_wconf 80' lang='lat' dir='ltr'>adiuuandam.</span> <span class='ocrx_word' id='word_1_101' title='bbox 769 1072 852 1119; x_wconf 89' lang='lat' dir='ltr'>per</span> <span class='ocrx_word' id='word_1_102' title='bbox 892 1055 1229 1102; x_wconf 79' lang='lat' dir='ltr'>exercitationes</span> <span class='ocrx_word' id='word_1_103' title='bbox 1272 1052 1468 1117; x_wconf 80' lang='lat' dir='ltr'>idoneas,</span> 
     </span>
     <span class='ocr_line' id='line_1_15' title="bbox 64 1118 1468 1186; baseline -0.001 -16"><span class='ocrx_word' id='word_1_104' title='bbox 64 1123 228 1170; x_wconf 80' lang='lat' dir='ltr'>Talem</span> <span class='ocrx_word' id='word_1_105' title='bbox 245 1138 353 1170; x_wconf 87' lang='lat' dir='ltr'>vero</span> <span class='ocrx_word' id='word_1_106' title='bbox 372 1120 642 1186; x_wconf 83' lang='lat' dir='ltr'>disciplinam</span> <span class='ocrx_word' id='word_1_107' title='bbox 666 1120 792 1170; x_wconf 74' lang='lat' dir='ltr'>fuisse</span> <span class='ocrx_word' id='word_1_108' title='bbox 819 1125 863 1170; x_wconf 90' lang='lat' dir='ltr'>in</span> <span class='ocrx_word' id='word_1_109' title='bbox 886 1123 1142 1170; x_wconf 85' lang='lat' dir='ltr'>cerimoniis</span> <span class='ocrx_word' id='word_1_110' title='bbox 1161 1121 1392 1178; x_wconf 87' lang='lat' dir='ltr'>Mosaicis,</span> <span class='ocrx_word' id='word_1_111' title='bbox 1432 1118 1468 1167; x_wconf 81' lang='lat' dir='ltr'>fi</span> 
     </span>
     <span class='ocr_line' id='line_1_16' title="bbox 65 1188 1465 1255; baseline -0.003 -17"><span class='ocrx_word' id='word_1_112' title='bbox 65 1206 150 1255; x_wconf 68' lang='lat' dir='ltr'>pa·</span> <span class='ocrx_word' id='word_1_113' title='bbox 166 1205 324 1236; x_wconf 87' lang='lat' dir='ltr'>omnes</span> <span class='ocrx_word' id='word_1_114' title='bbox 341 1199 487 1253; x_wconf 78' lang='lat' dir='ltr'>partes</span> <span class='ocrx_word' id='word_1_115' title='bbox 506 1188 654 1236; x_wconf 85' lang='lat' dir='ltr'>eundo</span> <span class='ocrx_word' id='word_1_116' title='bbox 675 1189 974 1247; x_wconf 86' lang='lat' dir='ltr'>demonstrare</span> <span class='ocrx_word' id='word_1_117' title='bbox 997 1188 1351 1247; x_wconf 86' lang='lat' dir='ltr'>institueremus,</span> <span class='ocrx_word' id='word_1_118' title='bbox 1381 1189 1465 1246; x_wconf 51' lang='lat' dir='ltr'>,vix</span> 
     </span>
     <span class='ocr_line' id='line_1_17' title="bbox 66 1255 1467 1323; baseline 0 -19"><span class='ocrx_word' id='word_1_119' title='bbox 66 1257 204 1310; x_wconf 87' lang='lat' dir='ltr'>finem</span> <span class='ocrx_word' id='word_1_120' title='bbox 223 1256 425 1303; x_wconf 78' lang='lat' dir='ltr'>habitura</span> <span class='ocrx_word' id='word_1_121' title='bbox 442 1255 547 1303; x_wconf 88' lang='lat' dir='ltr'>esset</span> <span class='ocrx_word' id='word_1_122' title='bbox 563 1256 809 1321; x_wconf 85' lang='lat' dir='ltr'>disputatio.</span> <span class='ocrx_word' id='word_1_123' title='bbox 905 1262 1058 1323; x_wconf 87' lang='lat' dir='ltr'>Itaque</span> <span class='ocrx_word' id='word_1_124' title='bbox 1085 1259 1239 1322; x_wconf 80' lang='lat' dir='ltr'>paucis</span> <span class='ocrx_word' id='word_1_125' title='bbox 1269 1257 1467 1321; x_wconf 74' lang='lat' dir='ltr'>exempli</span> 
     </span>
     <span class='ocr_line' id='line_1_18' title="bbox 67 1322 1466 1390; baseline 0 -19"><span class='ocrx_word' id='word_1_126' title='bbox 67 1322 204 1371; x_wconf 71' lang='lat' dir='ltr'>caussa</span> <span class='ocrx_word' id='word_1_127' title='bbox 223 1322 443 1387; x_wconf 88' lang='lat' dir='ltr'>ponendis</span> <span class='ocrx_word' id='word_1_128' title='bbox 464 1322 771 1385; x_wconf 75' lang='lat' dir='ltr'>defatigemur,</span> <span class='ocrx_word' id='word_1_129' title='bbox 789 1342 814 1371; x_wconf 86' lang='lat' dir='ltr'>e</span> <span class='ocrx_word' id='word_1_130' title='bbox 833 1326 996 1390; x_wconf 76' lang='lat' dir='ltr'>quibus</span> <span class='ocrx_word' id='word_1_131' title='bbox 1016 1326 1073 1372; x_wconf 84' lang='lat' dir='ltr'>de</span> <span class='ocrx_word' id='word_1_132' title='bbox 1093 1327 1253 1373; x_wconf 85' lang='lat' dir='ltr'>ceteris</span> <span class='ocrx_word' id='word_1_133' title='bbox 1270 1324 1466 1372; x_wconf 82' lang='lat' dir='ltr'>iudicare</span> 
     </span>
     <span class='ocr_line' id='line_1_19' title="bbox 63 1390 282 1439; baseline -0.005 0"><span class='ocrx_word' id='word_1_134' title='bbox 63 1392 192 1439; x_wconf 80' lang='lat' dir='ltr'>facile</span> <span class='ocrx_word' id='word_1_135' title='bbox 218 1390 282 1438; x_wconf 76' lang='lat' dir='ltr'>fit.</span> 
     </span>
    </p>

    <p class='ocr_par' dir='ltr' id='par_1_4' title="bbox 62 1456 1473 1797">
     <span class='ocr_line' id='line_1_20' title="bbox 161 1456 1466 1525; baseline 0.003 -21"><span class='ocrx_word' id='word_1_136' title='bbox 161 1469 239 1524; x_wconf 85' lang='lat'>98.</span> <span class='ocrx_word' id='word_1_137' title='bbox 269 1463 419 1523; x_wconf 78' lang='lat' dir='ltr'>Atque</span> <span class='ocrx_word' id='word_1_138' title='bbox 453 1469 503 1506; x_wconf 83' lang='lat' dir='ltr'>vt</span> <span class='ocrx_word' id='word_1_139' title='bbox 532 1477 557 1507; x_wconf 81' lang='lat' dir='ltr'>a</span> <span class='ocrx_word' id='word_1_140' title='bbox 592 1470 722 1524; x_wconf 79' lang='lat' dir='ltr'>parte</span> <span class='ocrx_word' id='word_1_141' title='bbox 742 1478 793 1507; x_wconf 91' lang='lat' dir='ltr'>ea</span> <span class='ocrx_word' id='word_1_142' title='bbox 812 1460 993 1509; x_wconf 90' lang='lat' dir='ltr'>initium</span> <span class='ocrx_word' id='word_1_143' title='bbox 1020 1456 1240 1516; x_wconf 81' lang='lat' dir='ltr'>faciamus,</span> <span class='ocrx_word' id='word_1_144' title='bbox 1276 1477 1390 1525; x_wconf 84' lang='lat' dir='ltr'>quae</span> <span class='ocrx_word' id='word_1_145' title='bbox 1410 1459 1466 1508; x_wconf 81' lang='lat' dir='ltr'>ad</span> 
     </span>
     <span class='ocr_line' id='line_1_21' title="bbox 64 1524 1464 1594; baseline 0.002 -22"><span class='ocrx_word' id='word_1_146' title='bbox 64 1525 290 1579; x_wconf 84' lang='lat' dir='ltr'>scientiam</span> <span class='ocrx_word' id='word_1_147' title='bbox 323 1524 446 1579; x_wconf 79' lang='lat' dir='ltr'>verbi</span> <span class='ocrx_word' id='word_1_148' title='bbox 473 1527 613 1574; x_wconf 87' lang='lat' dir='ltr'>diuini</span> <span class='ocrx_word' id='word_1_149' title='bbox 641 1530 854 1592; x_wconf 79' lang='lat' dir='ltr'>pertinet,</span> <span class='ocrx_word' id='word_1_150' title='bbox 885 1546 910 1576; x_wconf 78' lang='lat' dir='ltr'>a</span> <span class='ocrx_word' id='word_1_151' title='bbox 941 1547 1031 1594; x_wconf 92' lang='lat' dir='ltr'>quo</span> <span class='ocrx_word' id='word_1_152' title='bbox 1063 1533 1210 1577; x_wconf 86' lang='lat' dir='ltr'>omnis</span> <span class='ocrx_word' id='word_1_153' title='bbox 1230 1545 1336 1575; x_wconf 88' lang='lat' dir='ltr'>vera</span> <span class='ocrx_word' id='word_1_154' title='bbox 1354 1527 1464 1575; x_wconf 86' lang='lat' dir='ltr'>fides</span> 
     </span>
     <span class='ocr_line' id='line_1_22' title="bbox 64 1591 1473 1660; baseline 0.003 -20"><span class='ocrx_word' id='word_1_155' title='bbox 64 1603 110 1641; x_wconf 85' lang='lat' dir='ltr'>et</span> <span class='ocrx_word' id='word_1_156' title='bbox 128 1591 327 1640; x_wconf 59' lang='lat' dir='ltr'>sanssitas</span> <span class='ocrx_word' id='word_1_157' title='bbox 352 1593 554 1652; x_wconf 82' lang='lat' dir='ltr'>ducitur3</span> <span class='ocrx_word' id='word_1_158' title='bbox 589 1594 645 1640; x_wconf 87' lang='lat' dir='ltr'>de</span> <span class='ocrx_word' id='word_1_159' title='bbox 664 1598 838 1644; x_wconf 67' lang='lat' dir='ltr'>Sabbata*</span> <span class='ocrx_word' id='word_1_160' title='bbox 863 1595 1062 1644; x_wconf 89' lang='lat' dir='ltr'>instituto</span> <span class='ocrx_word' id='word_1_161' title='bbox 1082 1600 1279 1660; x_wconf 88' lang='lat' dir='ltr'>primum</span> <span class='ocrx_word' id='word_1_162' title='bbox 1300 1593 1473 1644; x_wconf 76' lang='lat' dir='ltr'>videbi-&#39;</span> 
     </span>
     <span class='ocr_line' id='line_1_23' title="bbox 62 1661 1463 1729; baseline 0.002 -21"><span class='ocrx_word' id='word_1_163' title='bbox 62 1665 190 1715; x_wconf 57' lang='lat' dir='ltr'>mus.⁴</span> <span class='ocrx_word' id='word_1_164' title='bbox 245 1665 294 1708; x_wconf 87' lang='lat' dir='ltr'>ln</span> <span class='ocrx_word' id='word_1_165' title='bbox 314 1678 407 1724; x_wconf 90' lang='lat' dir='ltr'>quo</span> <span class='ocrx_word' id='word_1_166' title='bbox 426 1678 523 1708; x_wconf 80' lang='lat' dir='ltr'>non</span> <span class='ocrx_word' id='word_1_167' title='bbox 555 1661 830 1718; x_wconf 71' lang='lat' dir='ltr'>docebimuS,</span> <span class='ocrx_word' id='word_1_168' title='bbox 863 1681 994 1728; x_wconf 87' lang='lat' dir='ltr'>quam</span> <span class='ocrx_word' id='word_1_169' title='bbox 1015 1667 1170 1711; x_wconf 87' lang='lat' dir='ltr'>vtilem</span> <span class='ocrx_word' id='word_1_170' title='bbox 1190 1664 1463 1729; x_wconf 81' lang='lat' dir='ltr'>disciplinam</span> 
     </span>
     <span class='ocr_line' id='line_1_24' title="bbox 63 1724 1462 1797; baseline 0.001 -21"><span class='ocrx_word' id='word_1_171' title='bbox 63 1728 269 1777; x_wconf 86' lang='lat' dir='ltr'>habuerit</span> <span class='ocrx_word' id='word_1_172' title='bbox 287 1731 335 1776; x_wconf 84' lang='lat' dir='ltr'>in</span> <span class='ocrx_word' id='word_1_173' title='bbox 356 1746 430 1786; x_wconf 90' lang='lat' dir='ltr'>eo,</span> <span class='ocrx_word' id='word_1_174' title='bbox 463 1730 597 1795; x_wconf 93' lang='lat' dir='ltr'>quod,</span> <span class='ocrx_word' id='word_1_175' title='bbox 631 1730 819 1778; x_wconf 84' lang='lat' dir='ltr'>feriandi</span> <span class='ocrx_word' id='word_1_176' title='bbox 838 1724 1092 1780; x_wconf 79' lang='lat' dir='ltr'>neceffitate</span> <span class='ocrx_word' id='word_1_177' title='bbox 1110 1731 1326 1797; x_wconf 79' lang='lat' dir='ltr'>impolita,</span> <span class='ocrx_word' id='word_1_178' title='bbox 1358 1749 1462 1797; x_wconf 80' lang='lat' dir='ltr'>pae-</span> 
     </span>
    </p>

    <p class='ocr_par' dir='ltr' id='par_1_5' title="bbox 23 1797 1470 2676">
     <span class='ocr_line' id='line_1_25' title="bbox 23 1797 1462 1855; baseline 0.002 -11"><span class='ocrx_word' id='word_1_179' title='bbox 23 1805 25 1809; x_wconf 73' lang='lat'>‘</span> <span class='ocrx_word' id='word_1_180' title='bbox 60 1812 124 1850; x_wconf 76' lang='lat' dir='ltr'>ne</span> <span class='ocrx_word' id='word_1_181' title='bbox 150 1797 345 1843; x_wconf 84' lang='lat' dir='ltr'>traheret</span> <span class='ocrx_word' id='word_1_182' title='bbox 375 1798 582 1844; x_wconf 87' lang='lat' dir='ltr'>homines</span> <span class='ocrx_word' id='word_1_183' title='bbox 611 1798 663 1844; x_wconf 89' lang='lat' dir='ltr'>ad</span> <span class='ocrx_word' id='word_1_184' title='bbox 694 1799 807 1846; x_wconf 88' lang='lat' dir='ltr'>sacra</span> <span class='ocrx_word' id='word_1_185' title='bbox 837 1799 953 1848; x_wconf 86' lang='lat' dir='ltr'>statis</span> <span class='ocrx_word' id='word_1_186' title='bbox 975 1802 1098 1848; x_wconf 86' lang='lat' dir='ltr'>horis</span> <span class='ocrx_word' id='word_1_187' title='bbox 1130 1800 1353 1855; x_wconf 88' lang='lat' dir='ltr'>obeunda,</span> <span class='ocrx_word' id='word_1_188' title='bbox 1385 1811 1462 1848; x_wconf 80' lang='lat' dir='ltr'>aut</span> 
     </span>
     <span class='ocr_line' id='line_1_26' title="bbox 61 1863 1462 1934; baseline 0.003 -22"><span class='ocrx_word' id='word_1_189' title='bbox 61 1863 183 1929; x_wconf 85' lang='lat' dir='ltr'>quod</span> <span class='ocrx_word' id='word_1_190' title='bbox 202 1866 448 1912; x_wconf 80' lang='lat' dir='ltr'>imitatione</span> <span class='ocrx_word' id='word_1_191' title='bbox 459 1868 543 1911; x_wconf 91' lang='lat' dir='ltr'>Dei</span> <span class='ocrx_word' id='word_1_192' title='bbox 561 1883 699 1930; x_wconf 86' lang='lat' dir='ltr'>opera</span> <span class='ocrx_word' id='word_1_193' title='bbox 717 1868 1019 1916; x_wconf 84' lang='lat' dir='ltr'>suaintuentis</span> <span class='ocrx_word' id='word_1_194' title='bbox 1038 1866 1135 1934; x_wconf 89' lang='lat' dir='ltr'>post</span> <span class='ocrx_word' id='word_1_195' title='bbox 1154 1870 1319 1916; x_wconf 84' lang='lat' dir='ltr'>sextum</span> <span class='ocrx_word' id='word_1_196' title='bbox 1342 1867 1462 1916; x_wconf 85' lang='lat' dir='ltr'>diem</span> 
     </span>
     <span class='ocr_line' id='line_1_27' title="bbox 63 1930 1461 2001; baseline 0.004 -25"><span class='ocrx_word' id='word_1_197' title='bbox 63 1943 111 1978; x_wconf 83' lang='lat' dir='ltr'>et</span> <span class='ocrx_word' id='word_1_198' title='bbox 137 1930 380 1995; x_wconf 80' lang='lat' dir='ltr'>probantiS,</span> <span class='ocrx_word' id='word_1_199' title='bbox 413 1945 596 1978; x_wconf 84' lang='lat' dir='ltr'>vocaret</span> <span class='ocrx_word' id='word_1_200' title='bbox 621 1935 828 1982; x_wconf 84' lang='lat' dir='ltr'>homines</span> <span class='ocrx_word' id='word_1_201' title='bbox 859 1935 912 1982; x_wconf 87' lang='lat' dir='ltr'>ad</span> <span class='ocrx_word' id='word_1_202' title='bbox 937 1935 1030 1984; x_wconf 62' lang='lat' dir='ltr'>asta</span> <span class='ocrx_word' id='word_1_203' title='bbox 1061 1937 1341 2001; x_wconf 84' lang='lat' dir='ltr'>superiorum</span> <span class='ocrx_word' id='word_1_204' title='bbox 1358 1935 1461 2000; x_wconf 64' lang='lat' dir='ltr'>gdie-</span> 
     </span>
     <span class='ocr_line' id='line_1_28' title="bbox 62 1998 1461 2068; baseline 0.004 -24"><span class='ocrx_word' id='word_1_205' title='bbox 62 2014 162 2044; x_wconf 87' lang='lat' dir='ltr'>rum</span> <span class='ocrx_word' id='word_1_206' title='bbox 191 1998 438 2055; x_wconf 86' lang='lat' dir='ltr'>recolenda,</span> <span class='ocrx_word' id='word_1_207' title='bbox 474 2011 520 2045; x_wconf 88' lang='lat' dir='ltr'>et</span> <span class='ocrx_word' id='word_1_208' title='bbox 551 2016 708 2047; x_wconf 88' lang='lat' dir='ltr'>eorum</span> <span class='ocrx_word' id='word_1_209' title='bbox 738 2004 934 2050; x_wconf 88' lang='lat' dir='ltr'>rationes</span> <span class='ocrx_word' id='word_1_210' title='bbox 955 2023 978 2051; x_wconf 88' lang='lat' dir='ltr'>a</span> <span class='ocrx_word' id='word_1_211' title='bbox 1007 2006 1051 2050; x_wconf 90' lang='lat' dir='ltr'>se</span> <span class='ocrx_word' id='word_1_212' title='bbox 1069 2004 1374 2068; x_wconf 76' lang='lat' dir='ltr'>reposcendas,</span> <span class='ocrx_word' id='word_1_213' title='bbox 1412 2013 1461 2050; x_wconf 86' lang='lat' dir='ltr'>vt</span> 
     </span>
     <span class='ocr_line' id='line_1_29' title="bbox 60 2062 1461 2132; baseline 0.006 -22"><span class='ocrx_word' id='word_1_214' title='bbox 60 2063 223 2120; x_wconf 82' lang='lat' dir='ltr'>fierent</span> <span class='ocrx_word' id='word_1_215' title='bbox 242 2062 339 2128; x_wconf 90' lang='lat' dir='ltr'>post</span> <span class='ocrx_word' id='word_1_216' title='bbox 362 2068 595 2124; x_wconf 78' lang='lat' dir='ltr'>cautioreS,</span> <span class='ocrx_word' id='word_1_217' title='bbox 615 2066 645 2114; x_wconf 82' lang='lat' dir='ltr'>fi</span> <span class='ocrx_word' id='word_1_218' title='bbox 664 2067 913 2117; x_wconf 86' lang='lat' dir='ltr'>aberratum</span> <span class='ocrx_word' id='word_1_219' title='bbox 932 2090 953 2118; x_wconf 89' lang='lat' dir='ltr'>a</span> <span class='ocrx_word' id='word_1_220' title='bbox 972 2073 1072 2132; x_wconf 86' lang='lat' dir='ltr'>lege</span> <span class='ocrx_word' id='word_1_221' title='bbox 1093 2072 1315 2118; x_wconf 84' lang='lat' dir='ltr'>viderent:</span> <span class='ocrx_word' id='word_1_222' title='bbox 1335 2072 1461 2132; x_wconf 69' lang='lat' dir='ltr'>(Phi-</span> 
     </span>
     <span class='ocr_line' id='line_1_30' title="bbox 55 2133 1462 2204; baseline 0.004 -25"><span class='ocrx_word' id='word_1_223' title='bbox 55 2133 103 2180; x_wconf 53' lang='grc' dir='ltr'>«Ιο</span> <span class='ocrx_word' id='word_1_224' title='bbox 130 2136 178 2179; x_wconf 83' lang='lat' dir='ltr'>de</span> <span class='ocrx_word' id='word_1_225' title='bbox 209 2133 355 2182; x_wconf 81' lang='lat' dir='ltr'>Decal.</span> <span class='ocrx_word' id='word_1_226' title='bbox 379 2151 426 2194; x_wconf 76' lang='lat' dir='ltr'>p.</span> <span class='ocrx_word' id='word_1_227' title='bbox 447 2136 582 2195; x_wconf 80' lang='lat'>758.)</span> <span class='ocrx_word' id='word_1_228' title='bbox 614 2134 687 2181; x_wconf 85' lang='lat' dir='ltr'>sed</span> <span class='ocrx_word' id='word_1_229' title='bbox 713 2137 873 2194; x_wconf 89' lang='lat' dir='ltr'>modo,</span> <span class='ocrx_word' id='word_1_230' title='bbox 914 2152 1131 2203; x_wconf 82' lang='lat' dir='ltr'>quantum</span> <span class='ocrx_word' id='word_1_231' title='bbox 1156 2139 1377 2204; x_wconf 83' lang='lat' dir='ltr'>profuerit</span> <span class='ocrx_word' id='word_1_232' title='bbox 1406 2138 1462 2185; x_wconf 81' lang='lat' dir='ltr'>ad</span> 
     </span>
     <span class='ocr_line' id='line_1_31' title="bbox 59 2198 1461 2268; baseline 0.006 -22"><span class='ocrx_word' id='word_1_233' title='bbox 59 2198 246 2247; x_wconf 84' lang='lat' dir='ltr'>verbum</span> <span class='ocrx_word' id='word_1_234' title='bbox 266 2201 354 2245; x_wconf 89' lang='lat' dir='ltr'>Dei</span> <span class='ocrx_word' id='word_1_235' title='bbox 373 2201 730 2260; x_wconf 87' lang='lat' dir='ltr'>cognoscendum</span> <span class='ocrx_word' id='word_1_236' title='bbox 750 2214 882 2268; x_wconf 85' lang='lat' dir='ltr'>atque</span> <span class='ocrx_word' id='word_1_237' title='bbox 900 2206 1222 2254; x_wconf 85' lang='lat' dir='ltr'>imbibendum.</span> <span class='ocrx_word' id='word_1_238' title='bbox 1277 2207 1461 2254; x_wconf 85' lang='lat' dir='ltr'>Etenim</span> 
     </span>
     <span class='ocr_line' id='line_1_32' title="bbox 58 2267 1470 2339; baseline 0.004 -25"><span class='ocrx_word' id='word_1_239' title='bbox 58 2267 181 2331; x_wconf 78' lang='lat' dir='ltr'>quod</span> <span class='ocrx_word' id='word_1_240' title='bbox 205 2268 414 2317; x_wconf 88' lang='lat' dir='ltr'>omnibus</span> <span class='ocrx_word' id='word_1_241' title='bbox 425 2267 618 2315; x_wconf 86' lang='lat' dir='ltr'>Sabbatis</span> <span class='ocrx_word' id='word_1_242' title='bbox 638 2273 698 2316; x_wconf 79' lang='lat' dir='ltr'>ita</span> <span class='ocrx_word' id='word_1_243' title='bbox 708 2270 967 2320; x_wconf 84' lang='lat' dir='ltr'>audiebatur</span> <span class='ocrx_word' id='word_1_244' title='bbox 986 2272 1226 2321; x_wconf 76' lang='lat' dir='ltr'>necessario</span> <span class='ocrx_word' id='word_1_245' title='bbox 1244 2291 1347 2339; x_wconf 79' lang='lat' dir='ltr'>pars</span> <span class='ocrx_word' id='word_1_246' title='bbox 1367 2268 1470 2320; x_wconf 61' lang='lat' dir='ltr'>ver-v</span> 
     </span>
     <span class='ocr_line' id='line_1_33' title="bbox 59 2332 1462 2400; baseline 0.005 -20"><span class='ocrx_word' id='word_1_247' title='bbox 59 2332 106 2389; x_wconf 82' lang='lat' dir='ltr'>bi</span> <span class='ocrx_word' id='word_1_248' title='bbox 138 2333 287 2390; x_wconf 83' lang='lat' dir='ltr'>diuini,</span> <span class='ocrx_word' id='word_1_249' title='bbox 319 2346 367 2383; x_wconf 89' lang='lat' dir='ltr'>vt</span> <span class='ocrx_word' id='word_1_250' title='bbox 397 2346 519 2382; x_wconf 87' lang='lat' dir='ltr'>certo</span> <span class='ocrx_word' id='word_1_251' title='bbox 550 2335 843 2386; x_wconf 83' lang='lat' dir='ltr'>Sabbatorum</span> <span class='ocrx_word' id='word_1_252' title='bbox 873 2344 1094 2398; x_wconf 75' lang='lat' dir='ltr'>numem,</span> <span class='ocrx_word' id='word_1_253' title='bbox 1118 2342 1228 2389; x_wconf 85' lang='lat' dir='ltr'>olim</span> <span class='ocrx_word' id='word_1_254' title='bbox 1256 2344 1326 2390; x_wconf 79' lang='lat' dir='ltr'>lex</span> <span class='ocrx_word' id='word_1_255' title='bbox 1347 2353 1462 2400; x_wconf 77' lang='lat' dir='ltr'>tota,</span> 
     </span>
     <span class='ocr_line' id='line_1_34' title="bbox 58 2401 1461 2468; baseline 0.005 -19"><span class='ocrx_word' id='word_1_256' title='bbox 58 2401 277 2467; x_wconf 76' lang='lat' dir='ltr'>postlibri</span> <span class='ocrx_word' id='word_1_257' title='bbox 309 2404 438 2448; x_wconf 83' lang='lat' dir='ltr'>etiam</span> <span class='ocrx_word' id='word_1_258' title='bbox 459 2405 781 2467; x_wconf 84' lang='lat' dir='ltr'>Prophetarum</span> <span class='ocrx_word' id='word_1_259' title='bbox 811 2424 967 2454; x_wconf 84' lang='lat' dir='ltr'>omnes</span> <span class='ocrx_word' id='word_1_260' title='bbox 993 2408 1342 2468; x_wconf 86' lang='lat' dir='ltr'>absoluerentur,</span> <span class='ocrx_word' id='word_1_261' title='bbox 1376 2409 1461 2456; x_wconf 92' lang='lat' dir='ltr'>ho·</span> 
     </span>
     <span class='ocr_line' id='line_1_35' title="bbox 34 2469 1460 2544; baseline 0.004 -26"><span class='ocrx_word' id='word_1_262' title='bbox 34 2478 44 2486; x_wconf 87' lang='grc'><em>“</em></span> <span class='ocrx_word' id='word_1_263' title='bbox 61 2469 382 2525; x_wconf 14' lang='lat' dir='ltr'>minesradulti,</span> <span class='ocrx_word' id='word_1_264' title='bbox 412 2470 570 2516; x_wconf 83' lang='lat' dir='ltr'>iisdem</span> <span class='ocrx_word' id='word_1_265' title='bbox 599 2473 726 2536; x_wconf 90' lang='lat' dir='ltr'>saepe</span> <span class='ocrx_word' id='word_1_266' title='bbox 745 2474 987 2531; x_wconf 87' lang='lat' dir='ltr'>audiendis,</span> <span class='ocrx_word' id='word_1_267' title='bbox 1021 2479 1078 2522; x_wconf 86' lang='lat' dir='ltr'>ita</span> <span class='ocrx_word' id='word_1_268' title='bbox 1103 2490 1315 2544; x_wconf 87' lang='lat' dir='ltr'>percepta</span> <span class='ocrx_word' id='word_1_269' title='bbox 1332 2490 1460 2527; x_wconf 86' lang='lat' dir='ltr'>tene·</span> 
     </span>
     <span class='ocr_line' id='line_1_36' title="bbox 56 2533 1468 2602; baseline 0.006 -19"><span class='ocrx_word' id='word_1_270' title='bbox 56 2533 169 2591; x_wconf 69' lang='lat' dir='ltr'>bant</span> <span class='ocrx_word' id='word_1_271' title='bbox 196 2540 361 2591; x_wconf 78' lang='lat' dir='ltr'>omnia,</span> <span class='ocrx_word' id='word_1_272' title='bbox 395 2549 443 2583; x_wconf 87' lang='lat' dir='ltr'>vt</span> <span class='ocrx_word' id='word_1_273' title='bbox 473 2538 587 2584; x_wconf 87' lang='lat' dir='ltr'>nihil</span> <span class='ocrx_word' id='word_1_274' title='bbox 621 2557 699 2587; x_wconf 89' lang='lat' dir='ltr'>eos</span> <span class='ocrx_word' id='word_1_275' title='bbox 727 2541 915 2602; x_wconf 72' lang='lat' dir='ltr'>fugeret„</span> <span class='ocrx_word' id='word_1_276' title='bbox 985 2547 1121 2591; x_wconf 89' lang='lat' dir='ltr'>Cuius</span> <span class='ocrx_word' id='word_1_277' title='bbox 1148 2548 1211 2592; x_wconf 86' lang='lat' dir='ltr'>rei</span> <span class='ocrx_word' id='word_1_278' title='bbox 1229 2538 1468 2595; x_wconf 44' lang='lat' dir='ltr'>austorem&#39;</span> 
     </span>
     <span class='ocr_line' id='line_1_37' title="bbox 38 2601 1458 2676; baseline 0.006 -25"><span class='ocrx_word' id='word_1_279' title='bbox 38 2601 280 2669; x_wconf 43' lang='lat' dir='ltr'>&amp;uestem</span> <span class='ocrx_word' id='word_1_280' title='bbox 301 2604 515 2654; x_wconf 82' lang='lat' dir='ltr'>habemus</span> <span class='ocrx_word' id='word_1_281' title='bbox 526 2607 764 2670; x_wconf 74' lang='lat' dir='ltr'>Iofiphum,</span> <span class='ocrx_word' id='word_1_282' title='bbox 778 2612 906 2658; x_wconf 85' lang='lat' dir='ltr'>cuius</span> <span class='ocrx_word' id='word_1_283' title='bbox 926 2613 1132 2673; x_wconf 72' lang='lat' dir='ltr'>egregius</span> <span class='ocrx_word' id='word_1_284' title='bbox 1149 2611 1211 2662; x_wconf 84' lang='lat' dir='ltr'>est</span> <span class='ocrx_word' id='word_1_285' title='bbox 1227 2626 1274 2662; x_wconf 86' lang='lat' dir='ltr'>et</span> <span class='ocrx_word' id='word_1_286' title='bbox 1295 2616 1458 2676; x_wconf 85' lang='lat' dir='ltr'>dignus</span> 
     </span>
    </p>

    <p class='ocr_par' dir='ltr' id='par_1_6' title="bbox 1336 2681 1457 2732">
     <span class='ocr_line' id='line_1_38' title="bbox 1336 2681 1457 2732; baseline 0.017 -2"><span class='ocrx_word' id='word_1_287' title='bbox 1336 2681 1457 2732; x_wconf 69' lang='lat' dir='ltr'>lestu</span> 
     </span>
    </p>
   </div>
  </div>
 </body>
</html>
