1682 3068
241 172 338 220 334
689 171 762 202 DE
801 171 1189 203 DISCIPLINA

239 284 329 328 iam
356 277 571 333 lacrimas,
606 277 862 339 ingesserint
891 280 1306 328 medicamentum>
1330 284 1407 330 'Et
1434 274 1542 330 vero
1562 284 1638 331 illa

240 343 443 394 molestia
471 362 626 404 magna
657 358 702 393 et
730 348 776 394 in
794 347 996 411 praesens
1023 358 1068 394 et
1100 350 1145 393 in
1178 348 1379 395 futurum
1400 350 1639 398 commoda

242 414 400 463 habet:
440 415 483 460 in
504 415 718 476 praesens,
752 414 871 479 quod
898 415 970 461 ille
990 413 1202 462 succeffus
1232 433 1324 462 non
1345 417 1471 464 aliter
1490 418 1640 466 adficit

242 485 440 530 animum
463 483 567 536 eius,
601 480 656 528 de
676 484 797 529 cuius
827 485 1136 529 exercitatione
1169 484 1407 546 loquimur,
1439 483 1640 533 Christia-

242 553 301 608 ni,
338 566 473 612 quam
504 546 535 595 si
570 552 664 613 quis
693 550 735 596 se
766 567 977 610 magnum
1005 552 1253 614 periculum
1285 549 1454 598 euasisse
1485 552 1639 599 sentit:

245 622 292 666 in
320 618 536 670 futurum,
567 616 686 680 quod
715 617 785 662 vel
814 635 899 663 vna
927 619 1000 664 tali
1023 617 1197 664 afflone
1220 619 1411 665 multum
1433 618 1640 683 profliga-

243 699 346 734 tum
375 682 447 737 est,
477 694 522 730 et
547 685 599 730 ad
627 683 893 732 demendam
920 683 1066 731 officio
1098 682 1310 732 tristitiam
1331 683 1565 749 pristinam,
1595 695 1642 733 et

246 753 302 800 ad
325 751 564 801 obediendi
586 751 852 799 facultatem.
920 753 1006 798 Sed
1034 752 1185 798 eadem
1207 754 1306 799 sunt
1322 754 1501 813 agenda,
1534 771 1643 817 quo-

246 823 332 868 ties
360 819 513 867 eadem
540 836 612 866 res
639 818 819 873 incidit,
855 818 1001 866 donec
1028 821 1251 884 paullatim
1285 820 1564 868 consuetudo
1593 823 1642 867 in

244 904 427 953 quoque
447 903 611 948 genere
635 884 857 934 contr-asta
884 886 945 939 fit,
977 898 1022 932 vt
1041 889 1171 932 etiam
1195 886 1285 933 sine
1306 886 1573 936 difficultatis
1595 898 1643 934 et

173 982 185 988 ¹<
208 961 212 965 '
245 953 467 1004 molestiae
486 954 610 1017 sensu
628 970 871 1019 pareamuS,
903 951 1192 1019 officiumque
1211 954 1432 1002 faciamus.

346 1076 425 1121 41.
457 1057 541 1104 Sed
571 1057 682 1105 haec
711 1057 767 1104 de
793 1058 1105 1116 exercitatione
1135 1055 1367 1104 Christiani
1391 1057 1446 1103 ad
1465 1072 1644 1122 compa«

246 1124 431 1176 randam
458 1125 712 1172 facultatem
742 1122 864 1170 reae
893 1121 1053 1186 agendi
1081 1126 1126 1169 in
1147 1123 1328 1185 singulis
1359 1122 1493 1171 officii
1513 1141 1644 1186 gene·

247 1193 384 1249 ribus,
416 1202 462 1239 et
487 1192 540 1239 ad
569 1191 826 1257 capiendam
857 1191 1083 1256 paullatim
1114 1192 1483 1239 consuetudinem
1512 1189 1646 1238 officii

248 1259 460 1315 seruandi,
490 1261 579 1307 hoc
608 1257 679 1314 est,
712 1262 933 1314 virtutem,
970 1257 1082 1306 dista
1110 1261 1234 1314 sunt3
1264 1258 1488 1323 inquibus
1519 1269 1644 1323 puta·

249 1346 350 1378 mus
372 1325 456 1375 effe
475 1338 611 1391 caput
643 1327 731 1373 loci
761 1329 911 1374 totius.
981 1331 1102 1373 Nam
1121 1338 1166 1372 et
1188 1328 1440 1373 exercitatio
1459 1327 1567 1372 haec
1585 1323 1648 1372 est

248 1398 471 1464 princeps,
497 1406 543 1442 et
570 1397 712 1460 prima
743 1397 947 1442 omnium
977 1394 1254 1458 suscipienda.
1324 1398 1434 1442 Sunt
1455 1410 1560 1441 vero
1582 1401 1647 1439 et·

252 1467 339 1513 iam
373 1464 480 1510 aliae
511 1464 867 1518 exercitationes,
903 1463 1077 1509 homini
1110 1460 1354 1508 Christiano
1384 1472 1429 1509 et
1460 1457 1648 1507 neceffa-

250 1535 352 1587 riae,
384 1529 502 1578 etad
527 1528 760 1577 sanaitatis
791 1531 1055 1594 virtutisque
1082 1532 1313 1590 negotium
1334 1528 1545 1582 salubres;
1563 1522 1649 1572 'sed

251 1601 365 1665 quae
385 1597 437 1646 ad
458 1615 598 1660 genus
618 1599 869 1646 vniuersum
887 1599 1154 1661 pertineant,
1189 1597 1277 1643 hoc
1293 1593 1364 1650 est,
1397 1595 1451 1641 ad
1471 1593 1649 1642 confor-

251 1669 500 1716 mationem
531 1668 664 1712 animi
693 1667 842 1722 totius,
873 1677 1019 1728 aptam
1047 1663 1099 1710 ad
1122 1665 1232 1709 vitae
1252 1660 1535 1716 sanititatem,
1580 1677 1650 1706 ex·
1680 1698 1682 1725 5

251 1736 542 1796 serentesque
566 1732 677 1779 adeo
707 1734 797 1780 vim
824 1733 944 1779 suam
973 1732 1104 1777 etiam
1130 1732 1175 1776 in
1202 1728 1380 1790 singulis
1399 1727 1649 1777 afflonibus
1680 1741 1682 1774 ὲ

252 1819 304 1849 ac
332 1799 531 1866 partibus
560 1797 709 1846 officii.
784 1802 855 1845 De
885 1799 953 1845 his
984 1801 1138 1858 igitur,
1176 1795 1324 1853 restat,
1362 1813 1410 1845 vt
1438 1798 1649 1844 dicamuS.
1681 1805 1682 1816 ¹

251 1871 401 1918 Huius
422 1868 509 1914 loci
525 1868 627 1915 sunt
645 1867 957 1932 poenitentiae,
989 1864 1089 1912 fidei
1117 1877 1163 1911 et
1181 1867 1355 1930 pietatis
1374 1865 1650 1911 exercitatio·

253 1948 354 1985 nem
416 1940 521 1982 Nec
547 1952 655 1982 vero
685 1934 740 1980 de
773 1937 823 1980 iis
850 1933 1018 1980 scholas
1050 1931 1312 1988 scribemus;
1346 1949 1440 1980 non
1467 1930 1512 1979 id
1533 1931 1650 1978 foret

254 2005 352 2052 talis
383 2003 716 2068 disputationis:
753 2000 825 2048 sed
846 1999 1067 2066 quaedam,
1101 1998 1130 2046 fi
1146 2001 1408 2065 poterimus,
1439 1998 1671 2046 admonen

253 2070 414 2129 bimus,
431 2088 558 2136 ‘quae
577 2069 631 2118 ad
653 2069 797 2135 ipsum
818 2085 966 2116 earum
980 2068 1102 2130 vsum
1122 2065 1323 2133 prodesse
1340 2067 1582 2115 videantur.

355 2190 433 2233 42.
452 2174 763 2220 Poenitentiae
782 2183 931 2221 autem
953 2171 1223 2220 exercendae
1235 2188 1396 2233 genera
1415 2169 1504 2216 duo
1525 2167 1681 2215 suntzss¹

258 2244 447 2290 alterum
477 2239 550 2296 est,
585 2240 708 2305 quod
734 2245 929 2305 pertinet
957 2240 1008 2286 ad
1038 2242 1174 2287 vitam
1200 2235 1478 2285 conuersiad
1498 2236 1651 2282 Deum

175 2348 180 2349 κ
257 2311 453 2358 hominis
484 2308 861 2372 consequentem3
901 2309 1114 2366 alterum,
1157 2305 1279 2369 quod
1305 2305 1356 2352 ad
1388 2303 1651 2350 anteceden-

256 2389 366 2425 tem.
435 2381 590 2440 Atque
615 2379 663 2423 in
691 2377 768 2423 illo
798 2377 975 2441 quidem
994 2375 1056 2421 est
1086 2374 1238 2421 crebra
1253 2383 1300 2420 et
1318 2373 1504 2433 diligens
1527 2370 1650 2430 cogi·
1677 2421 1679 2424 ¹

216 2467 231 2493 τ
257 2448 385 2502 tatio,
415 2447 613 2509 primum
642 2454 924 2508 peccatorum
953 2435 1239 2504 singulorum,
1275 2439 1477 2506 quae-vel
1498 2438 1679 2503 opprizssj

256 2524 390 2560 munt
410 2529 504 2567 nos,
537 2512 591 2559 ab
623 2510 1007 2560 animaduersiOois
1035 2504 1569 2571 remiffione5spnesertim
1599 2506 1671 2551 in?

253 2583 346 2628 vita
366 2582 609 2640 negotiosa,
637 2592 715 2628 aut
731 2581 784 2627 ab
808 2579 1133 2627 consuetudinis
1160 2576 1394 2640 prauae'ac
1413 2573 1646 2621 diuturnae
1663 2566 1682 2639 ᾗ

256 2649 499 2713 pertinacia
530 2659 576 2695 et
603 2650 818 2713 reliquiis,
850 2649 921 2695 vel
951 2646 1005 2694 ab
1024 2641 1557 2692 imbecillitatereno‘ndum
1585 2641 1645 2687 sa·
1664 2640 1674 2646 ⁴

267 2723 270 2727 ’
1588 2718 1662 2755 tist
