1682 3068
185 129 288 178 504
479 133 544 163 na:
587 133 851 166 avant-rm
883 118 1293 170 :ccansud'nea

187 240 462 287 meruerimus
477 239 578 286 hanc
596 266 663 276 -—
681 242 747 288 Sit
765 244 901 298 heres,
913 241 997 305 fid
1013 253 1148 291 mater
1154 245 1363 307 filiorum,
1391 251 1419 296 i.
1438 263 1472 295 e.
1487 263 1588 311 gre·

189 309 262 371 gis
277 308 351 358 tui,
387 307 574 372 Ecclesta,
607 325 714 371 quae,
729 309 822 356 illos
835 314 990 376 genuit,
1015 316 1192 359 nutriuit
1211 324 1253 360 et
1265 317 1403 376 pauit.
1479 318 1591 375 Quid

190 390 267 420 nos
296 372 509 435 infirimus
537 378 650 422 inter
679 386 854 427 matrem
879 386 922 424 et
949 379 1134 427 liberos?
1168 382 1321 444 ltaque
1336 385 1469 429 etiam
1489 380 1589 447 post

189 440 310 486 illam
333 440 634 489 Valentiniani
666 443 814 503 legem
841 442 1111 503 testamenta,
1142 464 1255 510 quae
1273 447 1479 496 Ecclefias
1510 450 1586 498 he·

188 506 317 556 redes
346 507 617 575 scripsissent,
651 520 744 558 rata
771 511 904 562 fuere.
967 511 1055 560 Sed
1080 515 1170 562 hoc
1195 515 1340 564 obiter
1355 517 1587 566 admonui·

189 591 304 624 mus.

286 678 373 727 Sed
391 680 464 728 illa
485 679 843 729 Constantiniana
863 682 963 744 lege
982 683 1156 732 fontem
1177 683 1428 739 diuitiarum
1441 687 1589 736 Eccle-

189 743 449 795 siasticarum
477 765 722 813 perennem
750 760 880 814 atque
907 749 1179 800 vberrimum
1209 751 1497 817 patefaaum,
1531 755 1587 803 ab

187 814 392 880 illiusque
423 815 626 864 vbertate
657 818 888 865 immensas
915 817 1084 866 diuitias
1113 821 1159 867 in
1188 821 1414 878 Ecclesias,
1448 825 1587 870 maio·

187 900 288 930 rum
319 883 574 947 praesertim
602 883 789 942 vrbium,
820 882 996 942 fluxisse,
1024 885 1220 934 fatentur
1248 905 1418 946 omneS,
1452 892 1588 938 etiam

187 951 236 997 in
259 949 444 998 Ecclesia
464 954 674 1010 Romana,
705 953 839 1000 allatis
861 954 991 999 etiam
1013 965 1214 1001 veterum
1232 955 1506 1012 testimoniis,
1539 968 1589 1005 vt

187 1018 354 1084 Pagius
374 1020 420 1066 in
441 1022 546 1067 Crit.
572 1018 625 1066 ad
648 1039 681 1067 a.
701 1037 812 1082 321.
831 1018 920 1067 sine
940 1019 1225 1068 haesitatione
1246 1023 1417 1071 secutus
1430 1026 1592 1073 Gotho·

174 1087 348 1150 fredum
365 1086 420 1133 ad
443 1088 540 1134 Cod.
566 1087 712 1134 Ίῗιεοά.
733 1087 758 1133 l.
781 1103 817 1132 c.
837 1103 863 1133 e
883 1104 976 1149 quo
998 1087 1071 1135 sua
1100 1083 1333 1155 descripsit.
1400 1095 1519 1139 Nam
1541 1094 1587 1140 in

186 1155 381 1201 recentis
402 1165 499 1201 turn
517 1154 589 1201 vel
607 1151 915 1203 Christianismi
937 1155 1075 1203 modo
1093 1155 1287 1222 suscepti,
1306 1157 1376 1204 vel
1397 1159 1587 1206 laetitiae

186 1238 212 1267 e
240 1238 349 1286 pace
370 1219 585 1269 Ecclesiae
613 1239 696 1287 per
714 1219 1051 1271 Constantinum
1082 1222 1248 1271 reddita
1276 1223 1446 1282 ardore,
1483 1227 1586 1274 cum

184 1299 466 1338 contemtum
502 1306 655 1338 rerum
690 1289 1007 1346 humanarum,
1052 1301 1099 1339 et
1125 1291 1451 1354 benignitatem
1481 1309 1587 1355 erga

183 1373 406 1422 pauperes
435 1359 659 1421 inprimiS,
688 1357 864 1424 publica
895 1355 1113 1405 Ecclesiae
1143 1376 1248 1408 cura
1276 1359 1479 1419 alendos,
1511 1360 1586 1408 de-

185 1421 430 1473 monstrare
461 1425 663 1491 plerique
690 1425 860 1473 vellent
887 1427 1065 1481 enixius,
1095 1426 1300 1476 fecerunt
1326 1424 1461 1475 fimile
1480 1427 1589 1491 quid

186 1495 251 1547 iis,
285 1494 363 1556 qui
386 1491 702 1557 Apostolorum
723 1490 966 1540 ministerio
986 1497 1183 1559 primum
1205 1495 1259 1542 ad
1272 1493 1431 1544 Christi
1452 1494 1588 1544 fidem

187 1558 387 1617 adduffi,
416 1560 795 1625 superabundante
821 1559 1000 1621 gaudio,
1029 1565 1163 1610 etiam
1195 1564 1346 1610 omnia
1375 1563 1448 1611 sua
1467 1570 1588 1629 Apo·

186 1625 305 1675 stolis
323 1628 574 1693 permisere,
606 1639 653 1677 vt
671 1644 774 1676 eum
804 1627 1071 1693 pauperibus
1101 1632 1402 1677 communiter
1419 1631 1586 1678 aleren-

185 1705 273 1750 tur,
305 1712 390 1742 nec
411 1698 648 1761 quicquam
667 1696 882 1743 haberent
900 1697 953 1744 ab
979 1712 1030 1742 ea
1048 1708 1176 1759 parte
1193 1698 1432 1762 praecipui.
1498 1699 1583 1744 Ita·

187 1779 277 1827 que
294 1764 422 1810 multi
441 1773 519 1809 aut
546 1764 632 1810 viui
661 1763 817 1826 amplis
841 1760 1158 1811 donationibus
1178 1763 1232 1810 ad
1249 1761 1458 1811 Ecclesias
1479 1781 1587 1812 con-

186 1832 335 1878 tulere
354 1846 559 1891 magnam
589 1829 815 1876 bonorum
845 1829 1022 1876 suorum
1043 1840 1227 1894 partem,
1259 1845 1336 1878 aut
1352 1828 1586 1878 testamen-

186 1899 254 1951 tis,
273 1915 355 1962 per
367 1893 484 1964 'quae
503 1899 633 1945 etiam
653 1894 874 1962 copiosius
896 1897 1161 1946 etlibentius
1182 1896 1280 1962 post
1300 1899 1418 1945 illam
1438 1900 1587 1960 legem

186 1965 360 2021 dabant,
395 1965 515 2030 quod
535 1965 660 2013 vsum
681 1981 832 2012 rerum
850 1973 896 2011 et
915 1962 1112 2013 frustum
1139 1966 1235 2013 viui
1252 1965 1519 2015 retinebant.

289 2072 381 2116 Iam
402 2070 447 2116 in
469 2067 553 2115 hac
571 2069 803 2131 repentina
823 2066 1080 2118 liberalitate
1106 2067 1230 2133 saepe
1257 2068 1422 2133 aliquid
1439 2069 1589 2134 super-

187 2134 373 2184 stitionis
395 2134 686 2192 interceffiss‘e,
719 2137 856 2182 etiam
886 2136 1066 2182 iniurias
1094 2138 1140 2183 in
1159 2137 1390 2197 comaga,
1421 2135 1587 2184 liberos

188 2215 236 2251 et
255 2215 484 2265 cognatm,
516 2203 643 2251 facile
660 2203 848 2263 intelligi
880 2200 1048 2267 potest:
1082 2212 1131 2250 et
1148 2213 1302 2251 extant
1322 2205 1453 2268 super
1471 2221 1520 2252 ea
1537 2220 1587 2250 re

186 2275 367 2336 piorum
387 2271 601 2335 querelae.
670 2275 776 2318 Nec
794 2269 1090 2326 abnuerimus,
1116 2288 1139 2317 a
1159 2269 1588 2319 clericis-interdum

187 2340 400 2405 impulsos
433 2337 519 2385 esse
545 2340 752 2386 homines
781 2339 826 2383 in
858 2338 973 2384 hanc
1001 2337 1224 2394 fraudem,
1252 2354 1356 2384 cum
1383 2338 1588 2386 cohorta-

187 2419 348 2455 rentur
368 2406 539 2462 diuites,
574 2423 631 2452 ne
649 2403 915 2452 beneficium
933 2405 1042 2466 legis
1061 2406 1234 2453 irritum
1254 2404 1449 2453 facerent
1469 2421 1588 2461 amo-

188 2492 239 2522 re
267 2476 596 2539 intemperante
631 2475 703 2520 vel
739 2472 919 2520 suorum
948 2473 1019 2519 vel
1045 2474 1339 2536 pecuniarum
1386 2471 1586 2537 ipsarum.

189 2543 356 2590 Omnia
381 2551 608 2607 tempora,
646 2542 779 2588 etiam
806 2538 979 2598 nostra,
1009 2551 1055 2587 et
1083 2541 1189 2588 huic
1217 2540 1351 2588 aetati
1377 2541 1588 2605 proxima,

1316 2647 1331 2686 ’,ἢ
1484 2605 1584 2653 talis
