1682 3068
193 181 289 229 114
770 173 1012 214 'An-rx

190 288 434 341 sectatione
452 283 657 336 adiunsta
671 282 907 336 videretur.
945 286 1033 336 Sed
1053 287 1146 336 eius
1164 285 1480 337 adseruationis
1497 287 1597 336 nul-

191 359 287 408 lum
308 355 424 404 aliud
447 354 675 404 confilium
694 354 788 414 fuit,
807 354 887 403 nifi
907 366 956 404 vt
977 359 1069 404 eius
1088 357 1217 420 panis
1238 355 1335 404 vsus
1348 354 1470 414 effer,
1489 373 1597 405 cum

191 429 356 476 iterum
373 421 714 472 Eucharisticum
734 423 900 472 sacrum
922 434 1140 485 ageretur.
1186 425 1499 488 Nequepanis
1517 424 1597 472 ille

193 493 445 542 adseruatus
468 489 530 539 est
551 507 628 548 eo,
660 507 753 557 quo
781 506 904 539 nunc
922 490 974 539 fit
1002 494 1049 539 in
1069 489 1261 538 Ecclefia
1282 493 1411 538 Rom.
1444 486 1598 549 modo,

193 559 266 610 sed
286 561 332 608 in
351 560 455 607 loeo
474 576 550 616 eo,
591 556 664 607 vbi
692 569 841 607 cetera
859 559 1052 624 supeilex
1079 559 1304 607 sacrorum
1332 556 1600 616 seruabatur,

195 638 243 677 et
261 629 382 676 inter
409 628 528 675 iliam
555 625 890 691 supellestilem,
921 627 1191 686 ficretarium
1218 636 1382 674 vocant
1400 624 1598 674 Ordines

193 696 395 744 Romani.
460 693 508 742 ld
536 693 681 759 ipsum
709 694 874 743 fatetur
893 697 1187 751 Mur-aterius,
1223 694 1322 741 vsus
1342 693 1600 741 locofflm-

195 767 331 818 berti,
369 765 461 809 Sec.
481 765 553 809 XL
571 763 819 827 scriptoris:
868 761 924 808 de
948 779 1035 826 qua
1051 779 1102 810 re
1119 758 1218 826 post
1242 760 1369 826 plura
1388 759 1599 807 dicemus.

197 830 285 879 Sed
303 828 394 876 fiue
415 827 659 894 superstitio
672 865 685 885 ,
717 845 828 894 quae
846 828 934 876 istis
954 830 1152 894 reliquiis
1171 830 1308 892 impie
1325 827 1598 886 abuteretur,

195 897 285 947 flue
303 894 468 945 caussae
485 913 781 961 quaecunque
797 897 964 953 fecere,
980 906 1049 951 vt,
1069 894 1334 960 quibusdam
1353 895 1480 952 locis,
1497 895 1599 942 reii-

196 969 323 1033 quiae
340 964 472 1028 plane
487 965 595 1026 igni,
628 974 707 1011 aut
724 963 812 1011 alio
830 979 922 1027 quo
930 963 1074 1010 modo
1094 962 1396 1010 abolerentur.

291 1034 420 1080 Hinc
440 1033 637 1079 exoritur
656 1033 802 1091 grauis
818 1042 869 1077 et
891 1046 1052 1092 magna
1078 1027 1317 1077 difficultas
1335 1031 1599 1087 Mur-utorio,

196 1110 243 1149 et
263 1096 477 1148 omnibus
495 1095 886 1165 μεταμοςφῶσεως
904 1097 1218 1145 defensoribus.
1270 1099 1455 1157 Negant
1475 1099 1598 1145 enim

199 1170 294 1216 eius
315 1165 568 1218 aduersarii,
602 1183 708 1222 eos,
733 1168 808 1230 qui
827 1167 952 1229 panis
971 1164 1214 1212 consecrati
1234 1164 1460 1229 reliquias,
1491 1161 1596 1229 Post

197 1236 382 1284 solenne
402 1231 777 1288 Eucharisticum‚
809 1232 1060 1289 abolerent,
1091 1229 1338 1288 credidisse,
1369 1247 1535 1296 panem
1549 1232 1600 1278 in

197 1318 361 1368 corpus
388 1298 549 1349 Christi
578 1298 703 1348 fuiss'e
722 1317 806 1365 per
834 1301 1178 1349 consecrationis
1211 1314 1391 1346 carmen
1410 1313 1599 1346 conuer-

194 1371 313 1425 sum,
354 1367 522 1415 sublata
542 1371 669 1415 omni
687 1370 813 1431 panis
832 1365 1079 1415 substantia.
1156 1368 1221 1412 Ex
1240 1366 1324 1413 hac
1343 1363 1603 1413 difficultate

195 1437 241 1487 se
259 1435 468 1501 expedire
489 1434 597 1483 dum
621 1445 807 1483 conatur
824 1437 1115 1492 Muratorius‚
1151 1445 1199 1481 et
1216 1449 1374 1498 parum
1396 1433 1599 1481 subtilem

196 1515 244 1553 et
261 1512 517 1551 accuratum
537 1502 855 1566 disputatorem
876 1502 919 1548 se
937 1498 1135 1566 praestat,
1153 1511 1200 1548 et
1216 1501 1370 1548 multis
1390 1501 1432 1547 se
1451 1500 1598 1547 modis

194 1571 287 1638 ipse
306 1569 506 1635 impedit.
558 1574 678 1617 Nam
700 1586 785 1616 nec
802 1568 966 1617 faRum
984 1585 1149 1628 negare
1170 1568 1326 1615 audet:
1361 1568 1598 1631 quomodo

196 1641 315 1687 enirn
337 1649 481 1699 neget,
498 1640 543 1684 in
560 1649 653 1684 tam
670 1638 792 1684 claro
807 1636 1001 1701 Hefijchii
1018 1632 1289 1692 testimonio,
1309 1644 1442 1698 atque
1460 1637 1598 1682 etiam

196 1709 438 1761 Humberti,
456 1705 578 1752 testis
589 1705 681 1752 sui?
711 1703 783 1751 sed
802 1703 872 1750 vei
890 1718 1138 1767 paucorum
1157 1719 1261 1749 eum
1281 1718 1455 1749 morem
1473 1699 1600 1750 fuiss'e

196 1772 454 1829 contendit,
491 1773 563 1819 vel
583 1789 741 1837 parum
762 1772 1038 1818 reuerentiae
1052 1772 1239 1834 corpori
1259 1767 1417 1818 Christi
1436 1766 1600 1817 haben-

196 1845 333 1889 tium:
383 1855 466 1886 nec
480 1837 781 1887 concludendi
804 1837 987 1886 modum
1006 1838 1100 1883 vitii
1120 1839 1287 1898 arguit,
1322 1837 1598 1884 veleonuin-

197 1911 279 1957 cit:
331 1919 453 1955 oerte
482 1910 530 1954 in
549 1925 606 1955 eo
634 1910 691 1954 ita
708 1904 898 1954 flustuat
917 1916 963 1952 et
984 1914 1120 1961 errat,
1157 1915 1207 1950 vt
1223 1914 1430 1968 appareat
1455 1902 1597 1959 facile,

196 1987 475 2043 quantopere
495 1976 568 2022 hic
583 1974 804 2023 laborarit.
872 1975 1050 2020 Etenim
1070 1972 1267 2036 primum
1283 1972 1351 2035 (p.
1376 1986 1464 2032 137
1486 1970 1596 2035 sqq.)

195 2043 308 2094 nihil
324 2043 444 2090 aliud
462 2045 576 2103 agit,
621 2040 700 2090 nifi
729 2052 779 2088 vt
796 2041 886 2087 late
917 2039 972 2087 de
990 2041 1175 2086 veritate
1202 2040 1403 2101 corporis
1433 2049 1481 2086 et
1504 2038 1596 2100 san·

195 2113 340 2174 guinis
360 2109 519 2158 Christi
536 2112 581 2157 in
603 2113 642 2157 S.
661 2114 811 2158 Coena
821 2108 1043 2172 disputet,
1061 2104 1360 2170 ,proferendis
1382 2106 1494 2153 locis
1519 2107 1595 2153 88.

194 2183 371 2228 Patrum
386 2214 396 2234 ,
426 2178 569 2242 qualia
589 2179 635 2224 in
654 2177 880 2241 superiore
902 2174 1216 2239 disputatione,
1256 2190 1345 2237 qua
1357 2172 1457 2220 ‘hoc
1487 2188 1595 2236 pro·

193 2248 291 2313 prie
307 2245 544 2309 agebatur,
571 2245 843 2309 protulerat:
882 2259 994 2307 quae
1013 2241 1115 2289 sunt
1132 2242 1284 2290 omnia
1302 2239 1355 2287 ab
1380 2240 1470 2287 hoe
1490 2239 1594 2286 loco

194 2316 354 2370 aliena,
397 2313 585 2377 suntque
603 2321 862 2374 argumenta
883 2311 1133 2374 quaerentis
1165 2306 1348 2369 effugia,
1389 2316 1437 2353 et
1464 2316 1593 2353 certo

191 2382 316 2438 loco,
351 2380 465 2446 pede
483 2382 667 2435 collato,
701 2378 904 2425 dimicare
924 2375 1225 2424 detrestantis.
1273 2378 1383 2422 Sane
1398 2373 1592 2421 fatemur

110 2465 113 2468 ⁴
194 2466 300 2506 nos,
334 2446 542 2496 hatte-nus
563 2448 709 2495 falsam
729 2443 812 2492 effe
833 2447 1066 2501 Albertini,
1082 2445 1302 2507 Bingami,
1322 2451 1593 2488 ceterorum·

191 2533 279 2581 que
297 2533 448 2563 earum
476 2518 672 2578 partium
697 2513 858 2561 Theoi.
878 2514 1118 2567 rationem,
1161 2527 1212 2556 ex
1236 2508 1427 2573 Hesychia*
1445 2507 1591 2553 verbis

189 2584 381 2642 intelligi
406 2580 528 2646 poss‘e
557 2581 910 2637 existimantium,
948 2581 1180 2627 veritatem
1205 2577 1406 2637 corporis
1431 2573 1591 2622 Christi

189 2653 293 2700 ins.
312 2654 464 2701 Coena
484 2651 697 2696 creditam
717 2648 771 2696 ab
790 2650 841 2696 iis
860 2664 956 2696 non
975 2644 1075 2703 effe,
1105 2646 1180 2709 qui
1201 2660 1251 2691 ea
1268 2641 1593 2757 consuessudino

1133 2722 1135 2724 ’
1407 2726 1431 2756 a
1467 2727 1493 2758 o
1514 2725 1590 2756 en-
