<?xml version="1.0" encoding="UTF-8"?>
<!DOCTYPE html PUBLIC "-//W3C//DTD XHTML 1.0 Transitional//EN"
    "http://www.w3.org/TR/xhtml1/DTD/xhtml1-transitional.dtd">
<html xmlns="http://www.w3.org/1999/xhtml" xml:lang="en" lang="en">
 <head>
  <title>
</title>
<meta http-equiv="Content-Type" content="text/html;charset=utf-8" />
  <meta name='ocr-system' content='tesseract 3.04.00' />
  <meta name='ocr-capabilities' content='ocr_page ocr_carea ocr_par ocr_line ocrx_word'/>
</head>
<body>
  <div class='ocr_page' id='page_1' title='image "./opusculatheologi00erneuoft_0274.png"; bbox 0 0 1682 3068; ppageno 0'>
   <div class='ocr_carea' id='block_1_1' title="bbox 181 176 1285 225">
    <p class='ocr_par' dir='ltr' id='par_1_1' title="bbox 181 176 1285 225">
     <span class='ocr_line' id='line_1_1' title="bbox 181 176 1285 225; baseline 0 -16"><span class='ocrx_word' id='word_1_1' title='bbox 181 176 278 225; x_wconf 72' lang='lat'>252</span> <span class='ocrx_word' id='word_1_2' title='bbox 482 178 768 211; x_wconf 68' lang='lat' dir='ltr'>vnmlcmn</span> <span class='ocrx_word' id='word_1_3' title='bbox 804 178 1061 213; x_wconf 72' lang='lat' dir='ltr'>Annxrnn</span> <span class='ocrx_word' id='word_1_4' title='bbox 1100 179 1285 214; x_wconf 71' lang='lat' dir='ltr'>nxvntt</span> 
     </span>
    </p>
   </div>
   <div class='ocr_carea' id='block_1_2' title="bbox 170 283 1646 2039">
    <p class='ocr_par' dir='ltr' id='par_1_2' title="bbox 177 283 1646 892">
     <span class='ocr_line' id='line_1_2' title="bbox 180 283 1579 349; baseline 0.004 -15"><span class='ocrx_word' id='word_1_5' title='bbox 180 286 415 346; x_wconf 82' lang='lat' dir='ltr'><strong>religione,</strong></span> <span class='ocrx_word' id='word_1_6' title='bbox 448 284 701 349; x_wconf 86' lang='lat' dir='ltr'>praesertim</span> <span class='ocrx_word' id='word_1_7' title='bbox 718 283 897 335; x_wconf 78' lang='lat' dir='ltr'>arbitrio</span> <span class='ocrx_word' id='word_1_8' title='bbox 919 287 1011 335; x_wconf 88' lang='lat' dir='ltr'>eius</span> <span class='ocrx_word' id='word_1_9' title='bbox 1028 285 1283 345; x_wconf 83' lang='lat' dir='ltr'>constituta,</span> <span class='ocrx_word' id='word_1_10' title='bbox 1327 285 1579 348; x_wconf 75' lang='lat' dir='ltr'>debeamus,</span> 
     </span>
     <span class='ocr_line' id='line_1_3' title="bbox 180 349 1646 419; baseline 0.004 -19"><span class='ocrx_word' id='word_1_11' title='bbox 180 354 432 418; x_wconf 85' lang='lat' dir='ltr'>quibusque</span> <span class='ocrx_word' id='word_1_12' title='bbox 461 349 592 413; x_wconf 67' lang='lat' dir='ltr'>lignis</span> <span class='ocrx_word' id='word_1_13' title='bbox 623 370 673 401; x_wconf 92' lang='lat' dir='ltr'>ea</span> <span class='ocrx_word' id='word_1_14' title='bbox 702 353 743 400; x_wconf 83' lang='lat' dir='ltr'>se</span> <span class='ocrx_word' id='word_1_15' title='bbox 768 355 1123 415; x_wconf 85' lang='lat' dir='ltr'>cognoscendam</span> <span class='ocrx_word' id='word_1_16' title='bbox 1152 368 1198 403; x_wconf 87' lang='lat' dir='ltr'>et</span> <span class='ocrx_word' id='word_1_17' title='bbox 1228 357 1582 419; x_wconf 82' lang='lat' dir='ltr'>conspiciendam</span> <span class='ocrx_word' id='word_1_18' title='bbox 1636 398 1646 410; x_wconf 82' lang='grc'><em>,</em></span> 
     </span>
     <span class='ocr_line' id='line_1_4' title="bbox 178 419 1580 486; baseline 0.005 -19"><span class='ocrx_word' id='word_1_19' title='bbox 178 420 391 486; x_wconf 80' lang='lat' dir='ltr'>praebeat</span> <span class='ocrx_word' id='word_1_20' title='bbox 420 420 645 468; x_wconf 85' lang='lat' dir='ltr'>mentibus</span> <span class='ocrx_word' id='word_1_21' title='bbox 670 419 852 469; x_wconf 65' lang='lat' dir='ltr'>nostris‘t</span> <span class='ocrx_word' id='word_1_22' title='bbox 904 423 964 470; x_wconf 83' lang='lat' dir='ltr'>ita</span> <span class='ocrx_word' id='word_1_23' title='bbox 999 423 1170 470; x_wconf 84' lang='lat' dir='ltr'>facilior</span> <span class='ocrx_word' id='word_1_24' title='bbox 1199 430 1284 470; x_wconf 88' lang='lat' dir='ltr'>erit</span> <span class='ocrx_word' id='word_1_25' title='bbox 1310 421 1580 485; x_wconf 76' lang='lat' dir='ltr'>singularum</span> 
     </span>
     <span class='ocr_line' id='line_1_5' title="bbox 177 487 1584 554; baseline 0.004 -19"><span class='ocrx_word' id='word_1_26' title='bbox 177 493 373 554; x_wconf 86' lang='lat' dir='ltr'>partium</span> <span class='ocrx_word' id='word_1_27' title='bbox 396 489 643 551; x_wconf 67' lang='lat' dir='ltr'>explicatio.</span> <span class='ocrx_word' id='word_1_28' title='bbox 716 494 784 536; x_wconf 91' lang='lat' dir='ltr'>Ac</span> <span class='ocrx_word' id='word_1_29' title='bbox 805 487 935 537; x_wconf 87' lang='lat' dir='ltr'>nobis</span> <span class='ocrx_word' id='word_1_30' title='bbox 959 490 1137 554; x_wconf 90' lang='lat' dir='ltr'>quidem</span> <span class='ocrx_word' id='word_1_31' title='bbox 1163 491 1334 539; x_wconf 83' lang='lat' dir='ltr'>videtur</span> <span class='ocrx_word' id='word_1_32' title='bbox 1364 490 1584 554; x_wconf 69' lang='lat' dir='ltr'>perfestio</span> 
     </span>
     <span class='ocr_line' id='line_1_6' title="bbox 180 552 1584 627; baseline 0.004 -25"><span class='ocrx_word' id='word_1_33' title='bbox 180 556 328 604; x_wconf 89' lang='lat' dir='ltr'>diuina</span> <span class='ocrx_word' id='word_1_34' title='bbox 347 558 406 603; x_wconf 90' lang='lat' dir='ltr'>ita</span> <span class='ocrx_word' id='word_1_35' title='bbox 427 558 613 603; x_wconf 79' lang='lat' dir='ltr'>maxime</span> <span class='ocrx_word' id='word_1_36' title='bbox 630 558 674 603; x_wconf 91' lang='lat' dir='ltr'>in</span> <span class='ocrx_word' id='word_1_37' title='bbox 693 558 910 618; x_wconf 81' lang='lat' dir='ltr'>religione</span> <span class='ocrx_word' id='word_1_38' title='bbox 933 556 1139 605; x_wconf 86' lang='lat' dir='ltr'>declarari</span> <span class='ocrx_word' id='word_1_39' title='bbox 1160 570 1294 623; x_wconf 84' lang='lat' dir='ltr'>atque</span> <span class='ocrx_word' id='word_1_40' title='bbox 1311 552 1520 620; x_wconf 77' lang='lat' dir='ltr'>intelligi,</span> <span class='ocrx_word' id='word_1_41' title='bbox 1536 561 1584 627; x_wconf 77' lang='lat' dir='ltr'><em>fi</em></span> 
     </span>
     <span class='ocr_line' id='line_1_7' title="bbox 177 624 1581 691; baseline 0.001 -19"><span class='ocrx_word' id='word_1_42' title='bbox 177 629 220 672; x_wconf 78' lang='lat' dir='ltr'>in</span> <span class='ocrx_word' id='word_1_43' title='bbox 239 642 287 672; x_wconf 83' lang='lat' dir='ltr'>ea</span> <span class='ocrx_word' id='word_1_44' title='bbox 317 624 558 687; x_wconf 69' lang='lat' dir='ltr'>referantur</span> <span class='ocrx_word' id='word_1_45' title='bbox 583 627 717 672; x_wconf 81' lang='lat' dir='ltr'>omnia</span> <span class='ocrx_word' id='word_1_46' title='bbox 744 629 801 672; x_wconf 85' lang='lat' dir='ltr'>ad</span> <span class='ocrx_word' id='word_1_47' title='bbox 827 628 989 672; x_wconf 83' lang='lat' dir='ltr'>diuinae</span> <span class='ocrx_word' id='word_1_48' title='bbox 1021 627 1246 691; x_wconf 65' lang='lat' dir='ltr'>maiestatis</span> <span class='ocrx_word' id='word_1_49' title='bbox 1277 635 1321 673; x_wconf 80' lang='lat' dir='ltr'>et</span> <span class='ocrx_word' id='word_1_50' title='bbox 1336 628 1581 691; x_wconf 61' lang='lat' dir='ltr'>fiffiitatis</span> 
     </span>
     <span class='ocr_line' id='line_1_8' title="bbox 177 691 1577 759; baseline 0.002 -19"><span class='ocrx_word' id='word_1_51' title='bbox 177 693 536 755; x_wconf 77' lang='lat' dir='ltr'>conseruationem,</span> <span class='ocrx_word' id='word_1_52' title='bbox 547 691 652 755; x_wconf 63' lang='lat' dir='ltr'>ſjyes</span> <span class='ocrx_word' id='word_1_53' title='bbox 671 702 807 740; x_wconf 84' lang='lat' dir='ltr'>autem</span> <span class='ocrx_word' id='word_1_54' title='bbox 828 696 956 739; x_wconf 86' lang='lat' dir='ltr'>omnis</span> <span class='ocrx_word' id='word_1_55' title='bbox 977 703 1019 741; x_wconf 86' lang='lat' dir='ltr'>et</span> <span class='ocrx_word' id='word_1_56' title='bbox 1037 699 1154 742; x_wconf 85' lang='lat' dir='ltr'>ratio</span> <span class='ocrx_word' id='word_1_57' title='bbox 1165 693 1325 756; x_wconf 83' lang='lat' dir='ltr'>salutis</span> <span class='ocrx_word' id='word_1_58' title='bbox 1341 694 1577 759; x_wconf 79' lang='lat' dir='ltr'>confiquen-</span> 
     </span>
     <span class='ocr_line' id='line_1_9' title="bbox 178 759 1580 822; baseline 0.002 -17"><span class='ocrx_word' id='word_1_59' title='bbox 178 762 258 806; x_wconf 81' lang='lat' dir='ltr'>dae</span> <span class='ocrx_word' id='word_1_60' title='bbox 275 764 332 807; x_wconf 79' lang='lat' dir='ltr'>ad</span> <span class='ocrx_word' id='word_1_61' title='bbox 347 759 577 821; x_wconf 75' lang='lat' dir='ltr'>heneficium</span> <span class='ocrx_word' id='word_1_62' title='bbox 602 763 794 808; x_wconf 83' lang='lat' dir='ltr'>diuinum.</span> <span class='ocrx_word' id='word_1_63' title='bbox 845 765 973 816; x_wconf 84' lang='lat' dir='ltr'><strong>Quae</strong></span> <span class='ocrx_word' id='word_1_64' title='bbox 996 763 1094 808; x_wconf 88' lang='lat' dir='ltr'>sunt</span> <span class='ocrx_word' id='word_1_65' title='bbox 1114 761 1364 822; x_wconf 86' lang='lat' dir='ltr'>diligentius</span> <span class='ocrx_word' id='word_1_66' title='bbox 1384 760 1515 810; x_wconf 85' lang='lat' dir='ltr'>nobis</span> <span class='ocrx_word' id='word_1_67' title='bbox 1533 772 1580 808; x_wconf 87' lang='lat' dir='ltr'>et</span> 
     </span>
     <span class='ocr_line' id='line_1_10' title="bbox 179 824 1342 892; baseline 0.002 -21"><span class='ocrx_word' id='word_1_68' title='bbox 179 827 435 892; x_wconf 81' lang='lat' dir='ltr'>explicanda</span> <span class='ocrx_word' id='word_1_69' title='bbox 455 844 479 873; x_wconf 89' lang='lat' dir='ltr'>e</span> <span class='ocrx_word' id='word_1_70' title='bbox 499 828 728 888; x_wconf 83' lang='lat' dir='ltr'>religionis</span> <span class='ocrx_word' id='word_1_71' title='bbox 747 837 923 880; x_wconf 84' lang='lat' dir='ltr'>natura,</span> <span class='ocrx_word' id='word_1_72' title='bbox 961 841 1006 874; x_wconf 90' lang='lat' dir='ltr'>et</span> <span class='ocrx_word' id='word_1_73' title='bbox 1025 824 1342 876; x_wconf 85' lang='lat' dir='ltr'>confirmanda.</span> 
     </span>
    </p>

    <p class='ocr_par' dir='ltr' id='par_1_3' title="bbox 170 889 1580 2039">
     <span class='ocr_line' id='line_1_11' title="bbox 278 889 1580 960; baseline 0 -16"><span class='ocrx_word' id='word_1_74' title='bbox 278 898 352 944; x_wconf 58' lang='lat'>66&lt;</span> <span class='ocrx_word' id='word_1_75' title='bbox 389 895 556 956; x_wconf 86' lang='lat' dir='ltr'>Religio</span> <span class='ocrx_word' id='word_1_76' title='bbox 578 912 683 942; x_wconf 88' lang='lat' dir='ltr'>vera</span> <span class='ocrx_word' id='word_1_77' title='bbox 702 893 776 941; x_wconf 81' lang='lat' dir='ltr'>etfi</span> <span class='ocrx_word' id='word_1_78' title='bbox 796 894 946 941; x_wconf 89' lang='lat' dir='ltr'>Deum</span> <span class='ocrx_word' id='word_1_79' title='bbox 968 889 1289 960; x_wconf 84' lang='lat' dir='ltr'>hominemque</span> <span class='ocrx_word' id='word_1_80' title='bbox 1307 894 1500 957; x_wconf 84' lang='lat' dir='ltr'>attingit,</span> <span class='ocrx_word' id='word_1_81' title='bbox 1531 906 1580 944; x_wconf 76' lang='lat' dir='ltr'>vt</span> 
     </span>
     <span class='ocr_line' id='line_1_12' title="bbox 175 960 1580 1027; baseline 0 -17"><span class='ocrx_word' id='word_1_82' title='bbox 175 962 304 1027; x_wconf 82' lang='lat' dir='ltr'>supra</span> <span class='ocrx_word' id='word_1_83' title='bbox 331 960 497 1009; x_wconf 62' lang='lat' dir='ltr'>difium</span> <span class='ocrx_word' id='word_1_84' title='bbox 524 960 608 1018; x_wconf 83' lang='lat' dir='ltr'>est,</span> <span class='ocrx_word' id='word_1_85' title='bbox 653 964 720 1025; x_wconf 56' lang='grc' dir='ltr'>(ᾗ.</span> <span class='ocrx_word' id='word_1_86' title='bbox 751 966 823 1023; x_wconf 84' lang='grc'>4.)</span> <span class='ocrx_word' id='word_1_87' title='bbox 863 973 1014 1009; x_wconf 87' lang='lat' dir='ltr'>tamen</span> <span class='ocrx_word' id='word_1_88' title='bbox 1052 962 1107 1008; x_wconf 88' lang='lat' dir='ltr'>ad</span> <span class='ocrx_word' id='word_1_89' title='bbox 1141 963 1346 1010; x_wconf 87' lang='lat' dir='ltr'>vltimum</span> <span class='ocrx_word' id='word_1_90' title='bbox 1390 962 1580 1010; x_wconf 82' lang='lat' dir='ltr'>redeunt</span> 
     </span>
     <span class='ocr_line' id='line_1_13' title="bbox 177 1027 1578 1095; baseline 0 -17"><span class='ocrx_word' id='word_1_91' title='bbox 177 1031 342 1087; x_wconf 84' lang='lat' dir='ltr'>omnia,</span> <span class='ocrx_word' id='word_1_92' title='bbox 373 1039 419 1076; x_wconf 88' lang='lat' dir='ltr'>et</span> <span class='ocrx_word' id='word_1_93' title='bbox 440 1027 674 1076; x_wconf 71' lang='lat' dir='ltr'>necessario</span> <span class='ocrx_word' id='word_1_94' title='bbox 693 1031 882 1075; x_wconf 87' lang='lat' dir='ltr'>redeunt</span> <span class='ocrx_word' id='word_1_95' title='bbox 900 1028 953 1074; x_wconf 91' lang='lat' dir='ltr'>ad</span> <span class='ocrx_word' id='word_1_96' title='bbox 974 1033 1133 1086; x_wconf 88' lang='lat' dir='ltr'>Deum,</span> <span class='ocrx_word' id='word_1_97' title='bbox 1167 1028 1221 1077; x_wconf 85' lang='lat' dir='ltr'>ad</span> <span class='ocrx_word' id='word_1_98' title='bbox 1240 1045 1375 1095; x_wconf 89' lang='lat' dir='ltr'>quem</span> <span class='ocrx_word' id='word_1_99' title='bbox 1393 1033 1578 1095; x_wconf 78' lang='lat' dir='ltr'>proprie</span> 
     </span>
     <span class='ocr_line' id='line_1_14' title="bbox 173 1095 1579 1161; baseline -0.001 -16"><span class='ocrx_word' id='word_1_100' title='bbox 173 1098 330 1159; x_wconf 85' lang='lat' dir='ltr'>religio</span> <span class='ocrx_word' id='word_1_101' title='bbox 349 1099 555 1161; x_wconf 83' lang='lat' dir='ltr'>pertinet.</span> <span class='ocrx_word' id='word_1_102' title='bbox 655 1101 776 1144; x_wconf 89' lang='lat' dir='ltr'>Nam</span> <span class='ocrx_word' id='word_1_103' title='bbox 795 1099 944 1144; x_wconf 88' lang='lat' dir='ltr'>Deum</span> <span class='ocrx_word' id='word_1_104' title='bbox 964 1095 1093 1161; x_wconf 83' lang='lat' dir='ltr'>ipsius</span> <span class='ocrx_word' id='word_1_105' title='bbox 1112 1095 1251 1144; x_wconf 75' lang='lat' dir='ltr'>caussa</span> <span class='ocrx_word' id='word_1_106' title='bbox 1281 1095 1579 1161; x_wconf 74' lang='lat' dir='ltr'>amplestitur,</span> 
     </span>
     <span class='ocr_line' id='line_1_15' title="bbox 173 1163 1578 1229; baseline -0.001 -16"><span class='ocrx_word' id='word_1_107' title='bbox 173 1166 409 1213; x_wconf 89' lang='lat' dir='ltr'>hominem</span> <span class='ocrx_word' id='word_1_108' title='bbox 434 1174 621 1229; x_wconf 88' lang='lat' dir='ltr'>propter</span> <span class='ocrx_word' id='word_1_109' title='bbox 640 1169 812 1220; x_wconf 88' lang='lat' dir='ltr'>Deum,</span> <span class='ocrx_word' id='word_1_110' title='bbox 845 1165 890 1212; x_wconf 85' lang='lat' dir='ltr'>h.</span> <span class='ocrx_word' id='word_1_111' title='bbox 912 1181 947 1211; x_wconf 93' lang='lat' dir='ltr'>e.</span> <span class='ocrx_word' id='word_1_112' title='bbox 970 1175 1018 1211; x_wconf 90' lang='lat' dir='ltr'>vt</span> <span class='ocrx_word' id='word_1_113' title='bbox 1035 1163 1124 1229; x_wconf 88' lang='lat' dir='ltr'>ipsa</span> <span class='ocrx_word' id='word_1_114' title='bbox 1146 1165 1339 1214; x_wconf 86' lang='lat' dir='ltr'>hominis</span> <span class='ocrx_word' id='word_1_115' title='bbox 1361 1165 1578 1212; x_wconf 88' lang='lat' dir='ltr'>felicitate</span> 
     </span>
     <span class='ocr_line' id='line_1_16' title="bbox 171 1230 1576 1293; baseline -0.001 -13"><span class='ocrx_word' id='word_1_116' title='bbox 171 1231 415 1280; x_wconf 84' lang='lat' dir='ltr'>illustretur</span> <span class='ocrx_word' id='word_1_117' title='bbox 441 1232 690 1293; x_wconf 84' lang='lat' dir='ltr'>benignitas</span> <span class='ocrx_word' id='word_1_118' title='bbox 720 1230 888 1286; x_wconf 85' lang='lat' dir='ltr'>diuina,</span> <span class='ocrx_word' id='word_1_119' title='bbox 943 1242 989 1279; x_wconf 88' lang='lat' dir='ltr'>et</span> <span class='ocrx_word' id='word_1_120' title='bbox 1018 1231 1220 1280; x_wconf 86' lang='lat' dir='ltr'>vniuersa</span> <span class='ocrx_word' id='word_1_121' title='bbox 1246 1235 1339 1279; x_wconf 84' lang='lat' dir='ltr'>eius</span> <span class='ocrx_word' id='word_1_122' title='bbox 1365 1230 1576 1280; x_wconf 82' lang='lat' dir='ltr'>maiestas.</span> 
     </span>
     <span class='ocr_line' id='line_1_17' title="bbox 172 1297 1576 1365; baseline 0 -18"><span class='ocrx_word' id='word_1_123' title='bbox 172 1303 238 1349; x_wconf 83' lang='lat' dir='ltr'>Ex</span> <span class='ocrx_word' id='word_1_124' title='bbox 259 1318 349 1365; x_wconf 91' lang='lat' dir='ltr'>quo</span> <span class='ocrx_word' id='word_1_125' title='bbox 369 1299 442 1357; x_wconf 81' lang='lat' dir='ltr'>fit,</span> <span class='ocrx_word' id='word_1_126' title='bbox 482 1311 532 1348; x_wconf 87' lang='lat' dir='ltr'>vt</span> <span class='ocrx_word' id='word_1_127' title='bbox 553 1303 747 1363; x_wconf 84' lang='lat' dir='ltr'>primum</span> <span class='ocrx_word' id='word_1_128' title='bbox 775 1299 864 1363; x_wconf 86' lang='lat' dir='ltr'>ipsa</span> <span class='ocrx_word' id='word_1_129' title='bbox 887 1298 979 1364; x_wconf 88' lang='lat' dir='ltr'>spei</span> <span class='ocrx_word' id='word_1_130' title='bbox 1007 1297 1281 1364; x_wconf 65' lang='lat' dir='ltr'>propofitim</span> <span class='ocrx_word' id='word_1_131' title='bbox 1319 1310 1366 1346; x_wconf 90' lang='lat' dir='ltr'>et</span> <span class='ocrx_word' id='word_1_132' title='bbox 1397 1301 1465 1347; x_wconf 85' lang='lat' dir='ltr'>lex</span> <span class='ocrx_word' id='word_1_133' title='bbox 1481 1302 1576 1347; x_wconf 87' lang='lat' dir='ltr'>eius</span> 
     </span>
     <span class='ocr_line' id='line_1_18' title="bbox 172 1365 1576 1434; baseline 0 -19"><span class='ocrx_word' id='word_1_134' title='bbox 172 1369 264 1434; x_wconf 85' lang='lat' dir='ltr'>spei</span> <span class='ocrx_word' id='word_1_135' title='bbox 293 1367 514 1415; x_wconf 88' lang='lat' dir='ltr'>tenendae</span> <span class='ocrx_word' id='word_1_136' title='bbox 544 1367 702 1415; x_wconf 80' lang='lat' dir='ltr'>debeat</span> <span class='ocrx_word' id='word_1_137' title='bbox 729 1365 815 1413; x_wconf 81' lang='lat' dir='ltr'>effe</span> <span class='ocrx_word' id='word_1_138' title='bbox 843 1371 944 1414; x_wconf 92' lang='lat' dir='ltr'>Deo</span> <span class='ocrx_word' id='word_1_139' title='bbox 978 1366 1132 1427; x_wconf 85' lang='lat' dir='ltr'>digna,</span> <span class='ocrx_word' id='word_1_140' title='bbox 1173 1367 1264 1415; x_wconf 91' lang='lat' dir='ltr'>hoc</span> <span class='ocrx_word' id='word_1_141' title='bbox 1290 1365 1372 1425; x_wconf 89' lang='lat' dir='ltr'>est,</span> <span class='ocrx_word' id='word_1_142' title='bbox 1411 1383 1497 1414; x_wconf 88' lang='lat' dir='ltr'>nec</span> <span class='ocrx_word' id='word_1_143' title='bbox 1520 1367 1576 1415; x_wconf 81' lang='lat' dir='ltr'>ab</span> 
     </span>
     <span class='ocr_line' id='line_1_19' title="bbox 171 1433 1575 1500; baseline -0.001 -17"><span class='ocrx_word' id='word_1_144' title='bbox 171 1434 401 1483; x_wconf 70' lang='lat' dir='ltr'>sanstitate</span> <span class='ocrx_word' id='word_1_145' title='bbox 422 1435 677 1493; x_wconf 80' lang='lat' dir='ltr'>abhorrens,</span> <span class='ocrx_word' id='word_1_146' title='bbox 709 1451 796 1482; x_wconf 89' lang='lat' dir='ltr'>nec</span> <span class='ocrx_word' id='word_1_147' title='bbox 814 1434 868 1483; x_wconf 86' lang='lat' dir='ltr'>ab</span> <span class='ocrx_word' id='word_1_148' title='bbox 888 1433 1043 1482; x_wconf 89' lang='lat' dir='ltr'>iustitia</span> <span class='ocrx_word' id='word_1_149' title='bbox 1070 1434 1230 1492; x_wconf 86' lang='lat' dir='ltr'>diuina,</span> <span class='ocrx_word' id='word_1_150' title='bbox 1257 1453 1282 1483; x_wconf 87' lang='lat' dir='ltr'>a</span> <span class='ocrx_word' id='word_1_151' title='bbox 1303 1434 1475 1500; x_wconf 74' lang='lat' dir='ltr'>quibua,</span> <span class='ocrx_word' id='word_1_152' title='bbox 1495 1434 1575 1482; x_wconf 90' lang='lat' dir='ltr'>du-</span> 
     </span>
     <span class='ocr_line' id='line_1_20' title="bbox 172 1499 1575 1569; baseline -0.003 -17"><span class='ocrx_word' id='word_1_153' title='bbox 172 1504 300 1552; x_wconf 85' lang='lat' dir='ltr'>bitari</span> <span class='ocrx_word' id='word_1_154' title='bbox 321 1521 415 1551; x_wconf 89' lang='lat' dir='ltr'>non</span> <span class='ocrx_word' id='word_1_155' title='bbox 439 1501 606 1569; x_wconf 88' lang='lat' dir='ltr'>potest,</span> <span class='ocrx_word' id='word_1_156' title='bbox 647 1506 756 1567; x_wconf 89' lang='lat' dir='ltr'>quin</span> <span class='ocrx_word' id='word_1_157' title='bbox 785 1501 946 1550; x_wconf 88' lang='lat' dir='ltr'>modus</span> <span class='ocrx_word' id='word_1_158' title='bbox 973 1501 1275 1551; x_wconf 80' lang='lat' dir='ltr'>benefaciendi</span> <span class='ocrx_word' id='word_1_159' title='bbox 1303 1512 1350 1549; x_wconf 88' lang='lat' dir='ltr'>et</span> <span class='ocrx_word' id='word_1_160' title='bbox 1378 1499 1575 1549; x_wconf 64' lang='lat' dir='ltr'>deleatis</span> 
     </span>
     <span class='ocr_line' id='line_1_21' title="bbox 173 1567 1575 1634; baseline -0.001 -16"><span class='ocrx_word' id='word_1_161' title='bbox 173 1571 304 1634; x_wconf 83' lang='lat' dir='ltr'>dirigi</span> <span class='ocrx_word' id='word_1_162' title='bbox 323 1571 497 1619; x_wconf 89' lang='lat' dir='ltr'>debeat.</span> <span class='ocrx_word' id='word_1_163' title='bbox 600 1575 767 1634; x_wconf 90' lang='lat' dir='ltr'>Neque</span> <span class='ocrx_word' id='word_1_164' title='bbox 786 1574 906 1616; x_wconf 90' lang='lat' dir='ltr'>enim</span> <span class='ocrx_word' id='word_1_165' title='bbox 927 1586 1124 1634; x_wconf 89' lang='lat' dir='ltr'>pugnam</span> <span class='ocrx_word' id='word_1_166' title='bbox 1153 1572 1270 1616; x_wconf 87' lang='lat' dir='ltr'>inter</span> <span class='ocrx_word' id='word_1_167' title='bbox 1289 1567 1575 1633; x_wconf 72' lang='lat' dir='ltr'>perfefflonis</span> 
     </span>
     <span class='ocr_line' id='line_1_22' title="bbox 174 1635 1575 1702; baseline -0.001 -16"><span class='ocrx_word' id='word_1_168' title='bbox 174 1638 352 1686; x_wconf 87' lang='lat' dir='ltr'>diuinae</span> <span class='ocrx_word' id='word_1_169' title='bbox 372 1650 517 1702; x_wconf 87' lang='lat' dir='ltr'>partes</span> <span class='ocrx_word' id='word_1_170' title='bbox 535 1638 746 1684; x_wconf 90' lang='lat' dir='ltr'>inducere</span> <span class='ocrx_word' id='word_1_171' title='bbox 767 1636 932 1683; x_wconf 86' lang='lat' dir='ltr'>debent</span> <span class='ocrx_word' id='word_1_172' title='bbox 954 1635 1165 1683; x_wconf 85' lang='lat' dir='ltr'>beneficia</span> <span class='ocrx_word' id='word_1_173' title='bbox 1184 1635 1352 1691; x_wconf 89' lang='lat' dir='ltr'>diuina,</span> <span class='ocrx_word' id='word_1_174' title='bbox 1393 1653 1507 1701; x_wconf 89' lang='lat' dir='ltr'>quae</span> <span class='ocrx_word' id='word_1_175' title='bbox 1526 1639 1575 1684; x_wconf 85' lang='lat' dir='ltr'>in</span> 
     </span>
     <span class='ocr_line' id='line_1_23' title="bbox 171 1702 1576 1769; baseline -0.003 -14"><span class='ocrx_word' id='word_1_176' title='bbox 171 1710 273 1755; x_wconf 90' lang='lat' dir='ltr'>Deo</span> <span class='ocrx_word' id='word_1_177' title='bbox 294 1723 350 1752; x_wconf 80' lang='lat' dir='ltr'>ne</span> <span class='ocrx_word' id='word_1_178' title='bbox 377 1706 563 1766; x_wconf 86' lang='lat' dir='ltr'>intelligi</span> <span class='ocrx_word' id='word_1_179' title='bbox 581 1704 763 1769; x_wconf 90' lang='lat' dir='ltr'>quidem</span> <span class='ocrx_word' id='word_1_180' title='bbox 785 1702 950 1768; x_wconf 90' lang='lat' dir='ltr'>potest,</span> <span class='ocrx_word' id='word_1_181' title='bbox 991 1702 1064 1750; x_wconf 86' lang='lat' dir='ltr'>sed</span> <span class='ocrx_word' id='word_1_182' title='bbox 1096 1720 1201 1750; x_wconf 90' lang='lat' dir='ltr'>cum</span> <span class='ocrx_word' id='word_1_183' title='bbox 1231 1704 1576 1752; x_wconf 80' lang='lat' dir='ltr'>conseruatione</span> 
     </span>
     <span class='ocr_line' id='line_1_24' title="bbox 174 1770 1575 1835; baseline -0.001 -14"><span class='ocrx_word' id='word_1_184' title='bbox 174 1773 410 1822; x_wconf 87' lang='lat' dir='ltr'>consensus</span> <span class='ocrx_word' id='word_1_185' title='bbox 430 1772 657 1820; x_wconf 87' lang='lat' dir='ltr'>cuiusdam</span> <span class='ocrx_word' id='word_1_186' title='bbox 677 1772 812 1819; x_wconf 88' lang='lat' dir='ltr'>tribui</span> <span class='ocrx_word' id='word_1_187' title='bbox 831 1770 1009 1817; x_wconf 83' lang='lat' dir='ltr'>debent.</span> <span class='ocrx_word' id='word_1_188' title='bbox 1086 1777 1240 1835; x_wconf 88' lang='lat' dir='ltr'>Atque</span> <span class='ocrx_word' id='word_1_189' title='bbox 1261 1788 1346 1818; x_wconf 84' lang='lat' dir='ltr'>nos</span> <span class='ocrx_word' id='word_1_190' title='bbox 1364 1788 1459 1818; x_wconf 87' lang='lat' dir='ltr'>non</span> <span class='ocrx_word' id='word_1_191' title='bbox 1495 1771 1575 1819; x_wconf 88' lang='lat' dir='ltr'>du-</span> 
     </span>
     <span class='ocr_line' id='line_1_25' title="bbox 170 1836 1575 1905; baseline -0.003 -15"><span class='ocrx_word' id='word_1_192' title='bbox 170 1842 376 1898; x_wconf 83' lang='lat' dir='ltr'>bitamus,</span> <span class='ocrx_word' id='word_1_193' title='bbox 397 1839 483 1888; x_wconf 76' lang='lat' dir='ltr'>ess‘e</span> <span class='ocrx_word' id='word_1_194' title='bbox 501 1838 715 1905; x_wconf 79' lang='lat' dir='ltr'>quaedam</span> <span class='ocrx_word' id='word_1_195' title='bbox 736 1855 898 1900; x_wconf 87' lang='lat' dir='ltr'>genera</span> <span class='ocrx_word' id='word_1_196' title='bbox 907 1836 1228 1885; x_wconf 83' lang='lat' dir='ltr'>beneficiorum</span> <span class='ocrx_word' id='word_1_197' title='bbox 1246 1838 1513 1896; x_wconf 89' lang='lat' dir='ltr'>diuinorum,</span> <span class='ocrx_word' id='word_1_198' title='bbox 1527 1842 1575 1886; x_wconf 85' lang='lat' dir='ltr'>in</span> 
     </span>
     <span class='ocr_line' id='line_1_26' title="bbox 170 1903 1574 1975; baseline -0.002 -18"><span class='ocrx_word' id='word_1_199' title='bbox 170 1908 335 1975; x_wconf 87' lang='lat' dir='ltr'>quibus</span> <span class='ocrx_word' id='word_1_200' title='bbox 354 1908 527 1956; x_wconf 86' lang='lat' dir='ltr'>bonitas</span> <span class='ocrx_word' id='word_1_201' title='bbox 549 1907 695 1954; x_wconf 87' lang='lat' dir='ltr'>diuina</span> <span class='ocrx_word' id='word_1_202' title='bbox 715 1907 846 1954; x_wconf 89' lang='lat' dir='ltr'>nullis</span> <span class='ocrx_word' id='word_1_203' title='bbox 869 1904 1052 1954; x_wconf 82' lang='lat' dir='ltr'>iustitiae</span> <span class='ocrx_word' id='word_1_204' title='bbox 1069 1917 1144 1953; x_wconf 89' lang='lat' dir='ltr'>aut</span> <span class='ocrx_word' id='word_1_205' title='bbox 1165 1903 1397 1952; x_wconf 66' lang='lat' dir='ltr'>sanaestitatis</span> <span class='ocrx_word' id='word_1_206' title='bbox 1419 1909 1574 1954; x_wconf 85' lang='lat' dir='ltr'>vincu-</span> 
     </span>
     <span class='ocr_line' id='line_1_27' title="bbox 171 1972 1575 2039; baseline -0.002 -15"><span class='ocrx_word' id='word_1_207' title='bbox 171 1977 226 2026; x_wconf 83' lang='lat' dir='ltr'>lis</span> <span class='ocrx_word' id='word_1_208' title='bbox 247 1988 467 2032; x_wconf 87' lang='lat' dir='ltr'>teneatur,</span> <span class='ocrx_word' id='word_1_209' title='bbox 491 1973 631 2039; x_wconf 83' lang='lat' dir='ltr'>fitque</span> <span class='ocrx_word' id='word_1_210' title='bbox 650 1976 781 2038; x_wconf 90' lang='lat' dir='ltr'>plane</span> <span class='ocrx_word' id='word_1_211' title='bbox 802 1973 951 2029; x_wconf 83' lang='lat' dir='ltr'>libera,</span> <span class='ocrx_word' id='word_1_212' title='bbox 967 1984 1012 2020; x_wconf 90' lang='lat' dir='ltr'>et</span> <span class='ocrx_word' id='word_1_213' title='bbox 1023 1973 1147 2019; x_wconf 89' lang='lat' dir='ltr'>velut</span> <span class='ocrx_word' id='word_1_214' title='bbox 1166 1972 1333 2020; x_wconf 85' lang='lat' dir='ltr'>arbitrii</span> <span class='ocrx_word' id='word_1_215' title='bbox 1343 1973 1421 2020; x_wconf 87' lang='lat' dir='ltr'>sui.</span> <span class='ocrx_word' id='word_1_216' title='bbox 1449 1978 1575 2021; x_wconf 84' lang='lat' dir='ltr'>Nam</span> 
     </span>
    </p>
   </div>
   <div class='ocr_carea' id='block_1_3' title="bbox 172 2040 1660 2173">
    <p class='ocr_par' dir='ltr' id='par_1_4' title="bbox 172 2038 1663 2173">
     <span class='ocr_line' id='line_1_28' title="bbox 172 2040 1571 2111; baseline -0.003 -18"><span class='ocrx_word' id='word_1_217' title='bbox 172 2055 219 2093; x_wconf 87' lang='lat' dir='ltr'>et</span> <span class='ocrx_word' id='word_1_218' title='bbox 246 2045 513 2111; x_wconf 83' lang='lat' dir='ltr'>experientia</span> <span class='ocrx_word' id='word_1_219' title='bbox 541 2046 600 2090; x_wconf 90' lang='lat' dir='ltr'>ita</span> <span class='ocrx_word' id='word_1_220' title='bbox 625 2041 709 2090; x_wconf 80' lang='lat' dir='ltr'>eise</span> <span class='ocrx_word' id='word_1_221' title='bbox 739 2040 1022 2098; x_wconf 84' lang='lat' dir='ltr'>demonstrat,</span> <span class='ocrx_word' id='word_1_222' title='bbox 1052 2054 1100 2086; x_wconf 87' lang='lat' dir='ltr'>et</span> <span class='ocrx_word' id='word_1_223' title='bbox 1118 2040 1360 2105; x_wconf 83' lang='lat' dir='ltr'>scripturae</span> <span class='ocrx_word' id='word_1_224' title='bbox 1393 2040 1571 2089; x_wconf 81' lang='lat' dir='ltr'>docent.</span> 
     </span>
     <span class='ocr_line' id='line_1_29' title="bbox 174 2107 1660 2173; baseline -0.003 -13"><span class='ocrx_word' id='word_1_225' title='bbox 174 2118 245 2160; x_wconf 90' lang='lat' dir='ltr'>Ac</span> <span class='ocrx_word' id='word_1_226' title='bbox 269 2130 326 2160; x_wconf 91' lang='lat' dir='ltr'>ne</span> <span class='ocrx_word' id='word_1_227' title='bbox 355 2127 761 2160; x_wconf 86' lang='lat' dir='ltr'>commemoremus</span> <span class='ocrx_word' id='word_1_228' title='bbox 790 2110 860 2167; x_wconf 91' lang='lat' dir='ltr'>id,</span> <span class='ocrx_word' id='word_1_229' title='bbox 909 2107 1031 2173; x_wconf 91' lang='lat' dir='ltr'>quod</span> <span class='ocrx_word' id='word_1_230' title='bbox 1059 2110 1248 2155; x_wconf 80' lang='lat' dir='ltr'>maxime</span> <span class='ocrx_word' id='word_1_231' title='bbox 1277 2108 1387 2155; x_wconf 88' lang='lat' dir='ltr'>solet</span> <span class='ocrx_word' id='word_1_232' title='bbox 1413 2107 1499 2155; x_wconf 79' lang='lat' dir='ltr'>effe</span> <span class='ocrx_word' id='word_1_233' title='bbox 1526 2111 1575 2156; x_wconf 86' lang='lat' dir='ltr'>in</span> <span class='ocrx_word' id='word_1_234' title='bbox 1652 2113 1660 2129; x_wconf 83' lang='lat'><em>⁷</em></span> 
     </span>
    </p>
   </div>
   <div class='ocr_carea' id='block_1_4' title="bbox 171 2175 1576 2376">
    <p class='ocr_par' dir='ltr' id='par_1_5' title="bbox 171 2175 1576 2376">
     <span class='ocr_line' id='line_1_30' title="bbox 171 2175 1574 2247; baseline -0.004 -19"><span class='ocrx_word' id='word_1_235' title='bbox 171 2192 382 2247; x_wconf 87' lang='lat' dir='ltr'>promtu,</span> <span class='ocrx_word' id='word_1_236' title='bbox 430 2197 532 2227; x_wconf 88' lang='lat' dir='ltr'>cum</span> <span class='ocrx_word' id='word_1_237' title='bbox 557 2179 628 2226; x_wconf 90' lang='lat' dir='ltr'>vel</span> <span class='ocrx_word' id='word_1_238' title='bbox 653 2177 857 2226; x_wconf 84' lang='lat' dir='ltr'>accusant</span> <span class='ocrx_word' id='word_1_239' title='bbox 874 2177 1080 2223; x_wconf 87' lang='lat' dir='ltr'>homines</span> <span class='ocrx_word' id='word_1_240' title='bbox 1104 2177 1231 2241; x_wconf 88' lang='lat' dir='ltr'>impii</span> <span class='ocrx_word' id='word_1_241' title='bbox 1252 2175 1574 2236; x_wconf 70' lang='lat' dir='ltr'>benignitatem</span> 
     </span>
     <span class='ocr_line' id='line_1_31' title="bbox 171 2243 1575 2312; baseline -0.004 -16"><span class='ocrx_word' id='word_1_242' title='bbox 171 2252 261 2296; x_wconf 87' lang='lat' dir='ltr'>Dei</span> <span class='ocrx_word' id='word_1_243' title='bbox 281 2265 384 2310; x_wconf 87' lang='lat' dir='ltr'>erga</span> <span class='ocrx_word' id='word_1_244' title='bbox 404 2247 634 2312; x_wconf 88' lang='lat' dir='ltr'>improbos</span> <span class='ocrx_word' id='word_1_245' title='bbox 657 2246 939 2311; x_wconf 82' lang='lat' dir='ltr'>prolixiorem</span> <span class='ocrx_word' id='word_1_246' title='bbox 959 2260 1090 2308; x_wconf 88' lang='lat' dir='ltr'>quam</span> <span class='ocrx_word' id='word_1_247' title='bbox 1111 2245 1156 2289; x_wconf 90' lang='lat' dir='ltr'>in</span> <span class='ocrx_word' id='word_1_248' title='bbox 1184 2243 1375 2307; x_wconf 84' lang='lat' dir='ltr'>probos,</span> <span class='ocrx_word' id='word_1_249' title='bbox 1413 2243 1483 2290; x_wconf 89' lang='lat' dir='ltr'>vel</span> <span class='ocrx_word' id='word_1_250' title='bbox 1511 2246 1575 2309; x_wconf 87' lang='lat' dir='ltr'>pii</span> 
     </span>
     <span class='ocr_line' id='line_1_32' title="bbox 173 2310 1576 2376; baseline -0.005 -12"><span class='ocrx_word' id='word_1_251' title='bbox 173 2318 222 2364; x_wconf 91' lang='lat' dir='ltr'>in</span> <span class='ocrx_word' id='word_1_252' title='bbox 246 2317 546 2363; x_wconf 84' lang='lat' dir='ltr'>dubitationes</span> <span class='ocrx_word' id='word_1_253' title='bbox 567 2316 866 2361; x_wconf 88' lang='lat' dir='ltr'>coniiciuntur</span> <span class='ocrx_word' id='word_1_254' title='bbox 896 2329 977 2376; x_wconf 86' lang='lat' dir='ltr'>per</span> <span class='ocrx_word' id='word_1_255' title='bbox 1001 2328 1072 2357; x_wconf 87' lang='lat' dir='ltr'>res</span> <span class='ocrx_word' id='word_1_256' title='bbox 1101 2310 1305 2358; x_wconf 86' lang='lat' dir='ltr'>secundas</span> <span class='ocrx_word' id='word_1_257' title='bbox 1326 2310 1504 2357; x_wconf 88' lang='lat' dir='ltr'>illorum</span> <span class='ocrx_word' id='word_1_258' title='bbox 1525 2321 1576 2358; x_wconf 79' lang='lat' dir='ltr'>et</span> 
     </span>
    </p>
   </div>
   <div class='ocr_carea' id='block_1_5' title="bbox 173 2377 1671 2462">
    <p class='ocr_par' dir='ltr' id='par_1_6' title="bbox 173 2377 1671 2462">
     <span class='ocr_line' id='line_1_33' title="bbox 173 2377 1671 2462; baseline -0.003 -31"><span class='ocrx_word' id='word_1_259' title='bbox 173 2384 373 2431; x_wconf 83' lang='lat' dir='ltr'>aduersas</span> <span class='ocrx_word' id='word_1_260' title='bbox 388 2383 503 2430; x_wconf 87' lang='lat' dir='ltr'>suas:</span> <span class='ocrx_word' id='word_1_261' title='bbox 534 2386 579 2429; x_wconf 89' lang='lat' dir='ltr'>in</span> <span class='ocrx_word' id='word_1_262' title='bbox 597 2399 653 2429; x_wconf 89' lang='lat' dir='ltr'>eo</span> <span class='ocrx_word' id='word_1_263' title='bbox 665 2385 760 2446; x_wconf 92' lang='lat' dir='ltr'>quis</span> <span class='ocrx_word' id='word_1_264' title='bbox 782 2397 874 2428; x_wconf 89' lang='lat' dir='ltr'>non</span> <span class='ocrx_word' id='word_1_265' title='bbox 893 2378 1090 2441; x_wconf 85' lang='lat' dir='ltr'>agnoscit</span> <span class='ocrx_word' id='word_1_266' title='bbox 1105 2378 1334 2425; x_wconf 88' lang='lat' dir='ltr'>arbitrium</span> <span class='ocrx_word' id='word_1_267' title='bbox 1347 2377 1571 2441; x_wconf 86' lang='lat' dir='ltr'>quoddam</span> <span class='ocrx_word' id='word_1_268' title='bbox 1650 2436 1671 2462; x_wconf 19' lang='grc' dir='ltr'><strong><em>χ</em></strong></span> 
     </span>
    </p>
   </div>
   <div class='ocr_carea' id='block_1_6' title="bbox 172 2443 1573 2512">
    <p class='ocr_par' dir='ltr' id='par_1_7' title="bbox 172 2443 1573 2512">
     <span class='ocr_line' id='line_1_34' title="bbox 172 2443 1573 2512; baseline -0.003 -14"><span class='ocrx_word' id='word_1_269' title='bbox 172 2451 363 2499; x_wconf 86' lang='lat' dir='ltr'>liberum</span> <span class='ocrx_word' id='word_1_270' title='bbox 379 2450 591 2499; x_wconf 80' lang='lat' dir='ltr'>bonitatis</span> <span class='ocrx_word' id='word_1_271' title='bbox 614 2450 810 2505; x_wconf 89' lang='lat' dir='ltr'>diuinae,</span> <span class='ocrx_word' id='word_1_272' title='bbox 857 2447 980 2512; x_wconf 92' lang='lat' dir='ltr'>quod</span> <span class='ocrx_word' id='word_1_273' title='bbox 999 2446 1277 2494; x_wconf 87' lang='lat' dir='ltr'>Israeliticum</span> <span class='ocrx_word' id='word_1_274' title='bbox 1298 2443 1573 2510; x_wconf 83' lang='lat' dir='ltr'>potiffimum</span> 
     </span>
    </p>
   </div>
   <div class='ocr_carea' id='block_1_7' title="bbox 172 2513 1661 2584">
    <p class='ocr_par' dir='ltr' id='par_1_8' title="bbox 172 2513 1661 2584">
     <span class='ocr_line' id='line_1_35' title="bbox 172 2513 1661 2584; baseline -0.003 -19"><span class='ocrx_word' id='word_1_275' title='bbox 172 2520 395 2584; x_wconf 86' lang='lat' dir='ltr'>populum</span> <span class='ocrx_word' id='word_1_276' title='bbox 426 2519 553 2565; x_wconf 88' lang='lat' dir='ltr'>suum</span> <span class='ocrx_word' id='word_1_277' title='bbox 585 2515 670 2564; x_wconf 80' lang='lat' dir='ltr'>effe</span> <span class='ocrx_word' id='word_1_278' title='bbox 702 2518 862 2570; x_wconf 85' lang='lat' dir='ltr'>voluit,</span> <span class='ocrx_word' id='word_1_279' title='bbox 913 2517 959 2561; x_wconf 88' lang='lat' dir='ltr'>in</span> <span class='ocrx_word' id='word_1_280' title='bbox 990 2527 1080 2578; x_wconf 87' lang='lat' dir='ltr'>quo</span> <span class='ocrx_word' id='word_1_281' title='bbox 1113 2513 1444 2560; x_wconf 80' lang='lat' dir='ltr'>conseruaretur</span> <span class='ocrx_word' id='word_1_282' title='bbox 1466 2529 1572 2561; x_wconf 77' lang='lat' dir='ltr'>vera</span> <span class='ocrx_word' id='word_1_283' title='bbox 1653 2523 1661 2533; x_wconf 96' lang='lat'>&#39;</span> 
     </span>
    </p>
   </div>
   <div class='ocr_carea' id='block_1_8' title="bbox 174 2580 1573 2719">
    <p class='ocr_par' dir='ltr' id='par_1_9' title="bbox 174 2580 1573 2719">
     <span class='ocr_line' id='line_1_36' title="bbox 174 2580 1572 2647; baseline -0.004 -15"><span class='ocrx_word' id='word_1_284' title='bbox 174 2587 358 2646; x_wconf 81' lang='lat' dir='ltr'>religio,</span> <span class='ocrx_word' id='word_1_285' title='bbox 395 2596 440 2632; x_wconf 89' lang='lat' dir='ltr'>et</span> <span class='ocrx_word' id='word_1_286' title='bbox 462 2587 712 2633; x_wconf 87' lang='lat' dir='ltr'>nasceretur</span> <span class='ocrx_word' id='word_1_287' title='bbox 729 2588 789 2640; x_wconf 85' lang='lat' dir='ltr'>is,</span> <span class='ocrx_word' id='word_1_288' title='bbox 835 2600 915 2647; x_wconf 88' lang='lat' dir='ltr'>per</span> <span class='ocrx_word' id='word_1_289' title='bbox 942 2598 1076 2645; x_wconf 91' lang='lat' dir='ltr'>quem</span> <span class='ocrx_word' id='word_1_290' title='bbox 1109 2581 1283 2627; x_wconf 86' lang='lat' dir='ltr'>salutem</span> <span class='ocrx_word' id='word_1_291' title='bbox 1314 2580 1572 2627; x_wconf 86' lang='lat' dir='ltr'>hominibus</span> 
     </span>
     <span class='ocr_line' id='line_1_37' title="bbox 175 2645 1573 2719; baseline -0.005 -18"><span class='ocrx_word' id='word_1_292' title='bbox 175 2663 271 2701; x_wconf 87' lang='lat' dir='ltr'>erat</span> <span class='ocrx_word' id='word_1_293' title='bbox 289 2651 482 2700; x_wconf 82' lang='lat' dir='ltr'>daturus.</span> <span class='ocrx_word' id='word_1_294' title='bbox 552 2658 720 2719; x_wconf 89' lang='lat' dir='ltr'>Neque</span> <span class='ocrx_word' id='word_1_295' title='bbox 738 2655 860 2700; x_wconf 90' lang='lat' dir='ltr'>enim</span> <span class='ocrx_word' id='word_1_296' title='bbox 888 2652 1120 2716; x_wconf 87' lang='lat' dir='ltr'>quicquam</span> <span class='ocrx_word' id='word_1_297' title='bbox 1142 2645 1221 2704; x_wconf 89' lang='lat' dir='ltr'>est,</span> <span class='ocrx_word' id='word_1_298' title='bbox 1252 2658 1440 2714; x_wconf 86' lang='lat' dir='ltr'>propter</span> <span class='ocrx_word' id='word_1_299' title='bbox 1451 2646 1573 2709; x_wconf 89' lang='lat' dir='ltr'>quod</span> 
     </span>
    </p>
   </div>
   <div class='ocr_carea' id='block_1_9' title="bbox 1391 2712 1661 2782">
    <p class='ocr_par' dir='ltr' id='par_1_10' title="bbox 1391 2712 1661 2782">
     <span class='ocr_line' id='line_1_38' title="bbox 1391 2712 1661 2782; baseline 0 -22"><span class='ocrx_word' id='word_1_300' title='bbox 1391 2712 1573 2761; x_wconf 84' lang='lat' dir='ltr'>neceffa·</span> <span class='ocrx_word' id='word_1_301' title='bbox 1651 2773 1661 2782; x_wconf 69' lang='lat'>‚</span> 
     </span>
    </p>
   </div>
  </div>
 </body>
</html>
