1682 3068
11 291 30 331 '9

86 140 91 149 ι
111 135 135 150 -8

505 178 1148 211 M·.vnA·1-0111vs
1461 175 1525 220 23

113 289 312 340 niffimus
352 271 629 352 mltus‘peti
669 296 867 350 poterat:
934 288 1003 332 cui
1043 287 1159 332 enim
1187 300 1282 330 non
1312 281 1521 330 ridiculus

112 359 315 406 videatur
342 357 419 404 ille
446 353 539 420 ipse
569 356 735 415 ingenii
769 355 954 399 humani
971 354 1095 408 fons,
1138 362 1186 399 vt
1206 354 1352 401 Cicero
1370 351 1520 416 adpel-

108 427 201 480 ‘lat‚
244 429 475 478 Homerus,
495 442 498 443 ⁷
517 423 579 468 ita
607 424 743 467 latine
761 422 984 484 loquens?
1052 424 1109 467 Et
1128 437 1230 467 cum
1258 422 1302 466 in
1323 418 1519 465 Philoso-

56 488 74 544 ἶ
111 493 237 558 labis,
277 494 474 546 Platone,
506 490 756 552 Aristotele,
803 489 1009 534 homines
1030 487 1259 534 stultiffimi
1279 487 1410 551 super
1426 484 1515 533 istis

113 562 260 609 latinis
279 558 441 614 verbis,
472 574 572 604 cum
594 559 666 604 sua
684 558 901 620 cuiusque
923 558 1153 602 vernacula
1167 557 1315 615 lingua
1336 571 1515 619 compa-

111 630 235 684 ratis,
255 626 707 690 philosopharentur,
743 642 862 672 noua
882 622 1101 687 quaedam
1121 624 1343 669 Platonica
1361 633 1408 669 et
1419 623 1515 669 Ari-

112 694 308 743 sinodica
327 693 606 757 Philosophia
625 696 772 739 extitit
784 731 793 747 ,
825 709 959 755 quam
981 693 1112 738 Plato
1132 701 1178 736 et
1197 691 1463 755 Aristoteles,
1480 686 1515 735 fi

42 813 46 816 ,
99 765 163 811 >iis
182 762 230 808 in
246 765 380 808 vitam
400 760 542 807 redire
562 761 713 808 datum
734 758 896 816 fuisset,
939 776 1032 805 non
1062 758 1201 806 modo
1223 775 1310 819 pro
1327 757 1398 804 sua
1420 773 1515 804 non

108 827 399 890 agnouiffent,
432 828 502 875 sed
523 846 579 874 ne
597 830 846 888 intelligere
868 827 1048 891 quidem
1066 824 1320 891 potuiffent,
1352 823 1529 871 etiamsi*

105 900 335 945 Ciceronis
363 897 625 943 latinitatem
658 914 841 944 omnem
893 897 1035 941 secum
1072 891 1327 941 attuliffent.
1427 891 1514 939 Sed

110 965 263 1013 eadem
284 965 412 1029 plaga
431 963 594 1011 iniesta
611 965 673 1011 est
695 966 813 1011 libris
835 963 1018 1020 diuinis,
1052 961 1366 1023 desti-maeque
1387 960 1514 1007 Chri-

104 1031 286 1096 stianae,
315 1049 397 1097 per
416 1050 515 1087 eos,
548 1036 624 1096 qui
645 1036 779 1099 primi
798 1029 1081 1078 instituerunt
1103 1032 1262 1076 latinos
1281 1028 1438 1074 facere.
1477 1028 1513 1074 Ii

104 1102 188 1167 qui·
206 1110 254 1147 et
273 1101 421 1164 quales
450 1100 640 1157 fuerint,
681 1119 781 1148 mea
811 1100 1049 1153 sententia,
1075 1115 1212 1144 ¹nunc
1240 1113 1336 1143 non
1364 1095 1512 1160 dispu-

102 1167 235 1223 tab03
284 1168 391 1214 alius
412 1167 466 1213 de
484 1186 534 1214 ea
555 1187 626 1224 re,
676 1182 722 1217 et
745 1169 801 1214 de
821 1167 1017 1214 vniuerfa
1040 1168 1124 1212 hac
1139 1165 1513 1228 interpretatione

103 1237 240 1283 latina«
265 1234 495 1283 differendi
524 1237 649 1283 locus
681 1235 963 1284 commodior
991 1230 1163 1282 dabitur
1178 1237 1195 1279 ε’
1229 1232 1335 1279 illud
1357 1231 1515 1288 dicam,

104 1304 312 1351 homines
332 1302 454 1350 fuiss'e
468 1306 535 1351 vel
555 1307 784 1369 vtriusque
803 1306 984 1364 linguae
1003 1306 1072 1350 vix
1092 1301 1378 1348 mediocriter
1395 1301 1510 1364 peri-

105 1379 201 1426 tos,
220 1371 291 1416 vel
310 1388 383 1423 ea,
406 1389 492 1432 qua
511 1371 670 1418 eodem
690 1384 919 1434 tempore,
939 1382 1017 1416 aut
1036 1370 1189 1434 paullo
1210 1366 1320 1432 post,
1338 1369 1510 1431 Aquila,

104 1435 261 1485 infeffl
280 1436 606 1501 superstitione,
638 1450 685 1486 vt
703 1442 970 1503 plerumque
988 1437 1173 1484 verbum
1194 1437 1249 1482 de
1269 1434 1419 1490 verbo,
1438 1433 1512 1480 sed

106 1507 200 1552 hoc
219 1521 406 1568 quoque
426 1523 509 1567 pro
531 1508 828 1570 qualicunque
855 1506 1083 1560 facultate,
1124 1502 1324 1566 negleRa
1346 1503 1511 1549 latinae

102 1573 284 1634 linguae
306 1572 456 1618 indole
477 1584 523 1620 et
541 1574 877 1627 consuetudine,
897 1572 972 1618 fibi
994 1572 1261 1632 vertendum
1280 1578 1510 1636 putarent,

104 1638 151 1686 id
169 1640 300 1704 ‘quod
331 1656 489 1698 nemo,
557 1644 636 1706 qui
677 1643 885 1704 reliquias
924 1637 1043 1687 istius
1072 1638 1278 1688 verlionis
1305 1636 1508 1702 inspexit,

99 1710 313 1769 &notare
333 1707 486 1772 potest.
587 1710 713 1763 Quid
730 1712 866 1770 igitur
882 1708 1076 1754 accidit?
1119 1709 1273 1754 Primis
1293 1706 1509 1770 tempori-

105 1774 210 1830 bus,
250 1792 351 1822 cum
380 1777 537 1838 religio
559 1770 798 1825 Christiana
827 1779 1014 1824 maxime
1043 1773 1147 1823 effet
1164 1774 1292 1840 <apud
1308 1773 1506 1827 Iudaeos,

104 1840 171 1890 issi
189 1846 349 1890 rationi
368 1844 570 1891 adsuetos
591 1862 642 1891 ac
661 1845 854 1903 deditos,
893 1855 940 1891 et
961 1847 1168 1891 omnium
1200 1842 1313 1890 adeo
1343 1844 1508 1903 lingua-

105 1920 207 1958 rum
236 1924 414 1976 praeter
442 1913 558 1959 suam
591 1924 917 1966 contemtores,
962 1915 1143 1977 placuit,
1186 1911 1363 1974 fuitque
1388 1906 1508 1974 apud

105 1978 191 2026 hos
212 1991 332 2027 certe
350 1980 588 2027 tolerabilis
601 2017 613 2036 ,
646 1985 719 2044 qui
740 1980 1051 2045 comparandis
1070 1978 1216 2028 verbis
1234 1979 1381 2026 latinis
1401 1992 1509 2023 cum

107 2046 192 2093 suis
210 2046 336 2094 facile
357 2047 474 2093 istam
495 2049 758 2095 latinitatem
777 2047 1097 2109 intelligebant.
1196 2047 1374 2094 Placuit
1395 2060 1507 2091 vero

106 2130 202 2160 non
220 2114 417 2160 Iudaicae
438 2119 620 2176 originis
639 2118 897 2164 hominibus
918 2117 1057 2162 modo
1071 2154 1082 2171 ,
1111 2115 1184 2161 sed
1203 2117 1335 2162 etiam
1356 2131 1407 2158 ex
1425 2111 1507 2158 alia

109 2191 264 2242 gente,
307 2184 379 2245 qui
399 2184 467 2228 vel
488 2201 511 2230 a
532 2188 686 2247 p‘ueris
706 2188 748 2242 ei
766 2184 906 2232 essent
923 2182 1118 2239 adsuetis—
1144 2193 1193 2228 et
1210 2198 1359 2228 rerum
1383 2196 1506 2243 prae·

105 2246 257 2295 stantia
277 2250 505 2307 occupati,
536 2252 774 2300 verborum
793 2254 909 2300 vitiis
927 2269 1023 2298 non
1040 2249 1280 2298 admodum
1304 2246 1504 2296 offende-

106 2323 283 2370 rentur,
327 2316 449 2362 sicuti
470 2317 579 2367 boni
597 2320 953 2385 illiuslAugaefiini
970 2316 1223 2382 stomachus
1244 2317 1369 2381 offlam
1391 2323 1408 2371 (
1418 2330 1509 2380 pro

107 2382 225 2440 offe)
255 2401 347 2431 non
378 2385 514 2430 modo
552 2388 681 2434 facile
709 2385 1045 2451 concoquebat,
1107 2385 1183 2445 fed
1206 2384 1260 2433 id·
1282 2387 1416 2432 etiam
1452 2380 1509 2429 ab

106 2454 364 2517 Hieronymo
386 2451 459 2498 fibi
477 2462 681 2518 ereptum
703 2471 832 2516 aegre
849 2453 1047 2508 ferebat3,
1085 2453 1159 2502 vel
1187 2454 1266 2517 qui
1300 2450 1378 2516 ipsi
1411 2451 1507 2497 lati*

107 2521 255 2566 nitatis
279 2537 432 2583 parum
454 2523 606 2584 periti,
648 2526 695 2568 in
713 2523 915 2571 sermone
934 2518 1013 2581 fibi
1032 2537 1169 2578 omne
1188 2537 1330 2582 genus
1360 2517 1508 2565 barba-

108 2589 225 2634 rismi
244 2598 289 2633 et
308 2588 552 2636 soloecismi
579 2589 894 2652 indulgerent&
932 2605 1019 2636 nec
1036 2603 1121 2648 eos
1134 2590 1178 2636 in
1203 2590 1295 2634 aliis
1316 2584 1510 2634 animad-

106 2668 344 2707 verterent.
441 2656 527 2704 Sed
550 2660 779 2724 paullatim
800 2659 951 2720 coepit
977 2655 1210 2722 displicere
1231 2653 1510 2717 elegantibus

201 2750 204 2752 ’
828 2729 876 2773 Β
906 2741 936 2785 4
1366 2722 1516 2767 homi*
