1682 3068
211 165 467 199 »nomn-rt
484 141 734 194 uacent}
759 159 819 190 xx
840 154 1351 218 tecueflnsffuna
1419 153 1523 202 455

107 273 391 330 intelligitur,
439 266 766 321 eamssvniuerse
795 284 818 313 a
850 266 1124 314 Diodoriana
1152 263 1262 313 nihil
1298 261 1519 318 diuersum

20 333 50 363 '⁴
108 336 316 389 habuiss'e.
391 340 497 384 Nec
512 352 621 383 vero
638 335 711 381 illa
729 335 927 381 vniuersa
946 333 1275 399 Prophetarum
1297 332 1512 396 interpre-

106 407 348 455 nudorum
377 406 491 452 ratio
517 401 779 467 reprehensa
798 398 883 456 est3
926 419 1077 466 neque
1095 403 1218 448 enim
1236 398 1398 463 aliquid
1423 400 1515 446 vitii

105 474 265 533 haben
306 471 379 519 sed
396 472 513 524 vsus,
550 470 674 533 quod
695 470 825 516 nimis
844 485 983 533 pauca
1001 470 1099 516 loca
1117 484 1275 521 eorum
1292 464 1408 515 καθ’
1430 466 1512 519 ἱςο·

103 540 274 609 §brad
301 537 526 588 Christum
561 539 609 584 in
637 540 977 586 Commentariis
1012 534 1249 592 retulisset,
1298 536 1437 582 veluti
1464 536 1512 592 in

92 607 276 657 Psalmis
296 618 470 654 tantum
489 616 581 654 tres
595 616 673 652 aut
692 604 882 669 quatuor
891 626 904 659 5
947 607 995 652 in
1012 615 1267 651 ceterorum
1292 603 1510 666 interpre-

28 677 48 707 ’-
99 677 293 732 urimo,
328 692 445 739 quae
465 674 519 720 ad
537 672 740 720 Meffiam
759 671 814 719 ab
843 672 940 720 aliis
960 683 1253 729 vocarentur,
1293 670 1386 717 fere
1404 685 1509 717 cum

100 741 363 794 ludaeorum
393 740 607 803 magistris
625 737 926 795 consenfiffet‚
962 740 1087 805 quod
1115 741 1245 786 etiam
1266 737 1506 802 discipulus

101 812 500 858 eim-·.‘I'1'uodoretus
525 808 726 874 pluribus
749 809 859 855 locis
887 805 1062 855 iudicat.
1132 810 1396 871 Quanquam
1415 805 1505 855 for-

13 914 17 915 r
97 876 201 926 uffo
220 880 354 925 etiam
373 877 492 942 apud
523 876 742 941 quosdam
768 877 860 923 hoc
877 874 930 924 ad
949 874 1150 923 Iudaismi
1184 876 1353 921 crimen
1374 889 1502 920 voca·

94 956 198 994 tum:
208 943 290 1003 est,
309 944 433 1010 quod
452 944 695 991 seeundum
714 954 888 992 textum
910 942 1164 990 hebraicum
1185 943 1503 1005 interpretatus

85 1011 223 1069 esset,
269 1030 322 1059 ex
350 1011 531 1060 hebraei
549 1011 764 1060 sermonis
783 1022 964 1069 natura,
1007 1021 1055 1058 et
1076 1021 1231 1059 contra
1254 1007 1500 1059 versionem

96 1097 300 1143 graecam
320 1080 609 1145 latinamque,
652 1097 771 1145 quae
791 1097 817 1127 e
835 1096 989 1141 graeoe
1007 1076 1119 1126 fath
1138 1088 1241 1126 erat.
1313 1079 1436 1123 Nam
1457 1075 1500 1122 id

89 1152 236 1198 etiam
249 1148 341 1194 aliis
363 1147 541 1202 accidit,
578 1150 842 1195 nominatim
861 1150 1121 1212 Hieronymo
1139 1155 1327 1211 propter
1344 1141 1501 1191 versio-

80 1214 203 1266 shem
221 1216 415 1271 latinam,
445 1231 582 1279 quam
604 1232 656 1262 ex
678 1214 885 1263 hebraico
906 1214 1087 1262 fecerat.
1156 1212 1305 1261 Caussa
1322 1214 1387 1259 rei
1406 1222 1499 1260 erat

94 1284 228 1338 haec,
264 1281 387 1346 quod
416 1279 623 1329 doRores
651 1281 867 1330 Eccleflae
885 1280 1129 1329 versionem
1160 1297 1387 1342 graecam,
1426 1283 1498 1327 Iu·

94 1349 309 1398 dacorum
328 1366 590 1411 graecorum
612 1350 778 1397 fabulas
798 1348 855 1396 de
872 1352 967 1397 eius
987 1351 1163 1411 origine
1180 1349 1326 1406 secuti,
1346 1344 1496 1396 auglo-
1549 1391 1552 1397 ,

91 1436 191 1466 rem
211 1417 374 1466 habere
385 1419 597 1482 Spiritum
609 1420 649 1464 S.
660 1415 909 1473 credebant,
921 1434 1106 1482 eamque
1125 1415 1187 1464 ob
1204 1413 1391 1464 caussam
1404 1426 1495 1462 tex-

91 1497 191 1534 tum
211 1484 449 1533 hebraeum
468 1483 759 1543 ludaeorum,
797 1485 919 1549 quod
943 1483 1001 1534 ab
1019 1502 1070 1532 ea
1102 1484 1367 1549 discreparet
1386 1482 1498 1531 mul·

91 1557 151 1603 tis
168 1555 291 1610 locis,
305 1553 441 1617 ⁴saepe
461 1554 587 1608 otiis,
608 1552 772 1618 quibus
791 1554 838 1599 in
859 1551 1121 1617 disputando
1140 1562 1371 1600 vterentur
1390 1566 1496 1598 con·

89 1632 160 1669 tra
186 1619 398 1677 Iudaeos,
466 1631 732 1684 corruptum
767 1619 821 1668 ab
850 1619 952 1686 ipfis
991 1620 1195 1668 consulto
1232 1616 1496 1666 iudicabant.

88 1684 461 1754 Itaquequiequid
480 1689 527 1734 in
546 1687 887 1752 interpretando
900 1705 1002 1738 cum
1023 1698 1149 1735 textu
1167 1686 1376 1735 hebraico
1385 1703 1494 1733 con·

83 1756 252 1805 {entire
271 1755 513 1812 dicebatur,
540 1755 598 1811 id,
628 1754 657 1802 fi
677 1754 942 1822 discreparet
962 1774 987 1803 a
1005 1755 1232 1811 sententia,
1261 1772 1394 1819 quam
1412 1750 1494 1819 ipsi

43 1863 46 1865 Α
83 1827 137 1872 in
153 1824 296 1887 verbis
321 1824 488 1884 graecis
508 1821 725 1880 videbant,
746 1841 830 1888 pro
842 1814 1015 1872 iudaicd
1033 1821 1339 1888 repudiabant.
1369 1825 1492 1871 Nam

85 1891 215 1955 quod
239 1890 293 1937 ad
314 1893 728 1953 interpretationem
747 1895 799 1941 V.
822 1895 882 1938 T.
912 1894 1094 1948 attinet,
1137 1907 1226 1955 qua
1254 1887 1318 1936 est
1349 1905 1491 1951 gram·

89 1959 271 2013 matioo,
316 1955 574 2019 pendetque
599 1956 653 2004 ab
691 1959 985 2020 intelligentia
1025 1960 1201 2020 linguae
1239 1958 1469 2006 hebraicae
1476 1978 1492 2014 3

85 2035 140 2071 et
168 2024 388 2078 fatentur,
430 2024 507 2087 qui
533 2025 628 2071 eius
657 2025 863 2090 reliquias
885 2026 932 2072 in
958 2028 1135 2073 Catenis
1169 2029 1491 2086 cognouer'unt

85 2102 223 2156 atque
253 2087 548 2147 exeufferunt,
585 2090 753 2139 etiamsi
779 2091 1083 2157 improbantes
1103 2094 1198 2140 eius
1228 2095 1489 2156 interpreta-

80 2161 233 2207 tiones
261 2159 572 2205 vaticiniorum
601 2156 658 2204 de
684 2157 878 2216 Christo,
921 2176 1019 2208 eam
1048 2159 1134 2208 ess‘e
1161 2159 1403 2218 eiusmodi,
1438 2169 1489 2208 vt

79 2227 326 2291 egregium
354 2236 400 2271 ot
427 2224 658 2272 hebraismi
689 2226 805 2273 bene
834 2229 1031 2292 peritum
1050 2230 1196 2279 virum
1217 2239 1399 2288 arguat3
1442 2237 1489 2286 et

85 2311 158 2341 res
187 2295 276 2358 ipsa
304 2309 529 2357 quemque
560 2291 775 2342 idoneum
803 2294 993 2342 iudicem
1014 2293 1193 2344 doceat:
1241 2313 1325 2359 qua
1351 2295 1407 2342 de
1437 2311 1488 2341 re

84 2364 220 2408 etiam
240 2359 450 2424 liquidius
467 2359 833 2427 iudicaripofl‘et,
874 2361 929 2418 fi,
973 2365 1049 2428 qui
1082 2366 1128 2411 in
1150 2359 1488 2410 Vindobonenfi
1525 2412 1529 2414 s

61 2439 132 2475 -et
159 2427 366 2475 Medicea
392 2427 669 2476 Bibliotheca
686 2429 876 2492 scriptus
892 2428 1025 2479 exstat
1045 2434 1405 2480 Commentarius
1435 2433 1485 2477 in

82 2497 180 2543 XII.
202 2495 449 2557 Prophetas
467 2496 684 2553 minoreS‚
723 2496 952 2545 ederetur:
1000 2500 1123 2546 cuius
1152 2500 1215 2546 rei
1235 2497 1381 2563 spem,
1424 2498 1485 2545 fa·

85 2559 199 2610 &am
220 2580 242 2608 a
261 2563 500 2617 Bandurio,
531 2561 728 2611 destituit
746 2580 867 2611 mors
890 2568 980 2614 viri.
1057 2565 1142 2614 Sed
1160 2565 1214 2612 de
1234 2565 1484 2614 eruditione

75 2629 164 2677 ‚viri
181 2629 385 2679 hebraica
404 2627 529 2696 post,
559 2647 643 2697 per
663 2628 1086 2748 diamffifmssemque
1103 2631 1393 2705 occasionem,
1411 2635 1485 2747 alid

876 2717 906 2760 4
1375 2718 1453 2767 qui
