1682 3068
190 187 288 233 524
360 188 423 218 DE
461 188 811 219 TnzotoaxAz
851 189 1125 221 uxsronch·
1163 191 1232 221 ΕΤ
1271 189 1507 224 DOGMAT·

206 310 361 342 eorum
386 303 547 351 teneat,
576 305 622 341 et
640 294 797 342 in'bac
817 296 1005 352 scientia,
1025 295 1077 343 ab
1095 296 1185 362 ipsa
1205 296 1518 346 exercitatione
1535 315 1603 348 ca·

203 361 337 409 nendi
354 359 559 415 seiunsta,
572 373 848 411 comtemnat
858 380 947 420 eos,
959 366 1034 428 qui
1046 364 1243 412 canendo
1266 378 1536 424 exercentur,
1547 367 1606 413 se·

205 446 294 494 que
315 428 429 476 dicat
442 427 666 476 Musicum
688 429 785 488 esse,
804 432 902 478 illos
924 432 985 479 nil
1009 431 1084 478 nifi
1105 434 1236 479 sonos
1257 431 1603 481 etinstrumenta

205 494 365 543 musica
375 507 540 545 tenere.
552 501 614 545 Ex
626 515 717 562 quo
728 497 840 551 first
848 499 972 546 nullo
986 499 1123 547 modo
1135 501 1603 566 inTheologieis,quae

205 565 525 613 omniaelibris
547 567 753 628 antiquis,
763 564 1343 628 hebraiciS‚graeci=‚latinis
1364 567 1602 624 ducuntur,

203 631 335 696 poffit
347 635 502 696 aliquis
513 632 630 680 bene
640 635 685 680 in
699 632 953 681 definiendo
965 635 1128 686 Versari,
1142 648 1186 682 et
1205 653 1226 682 a
1240 638 1431 700 peccatis
1450 637 1601 683 multis

207 710 254 747 et
264 703 435 761 magnis
449 699 523 748 sibi
536 718 705 757 cauere,
718 700 797 748 nisi
818 702 960 749 literas
981 714 1028 749 et
1048 701 1267 750 historiam
1287 701 1484 752 assumat.

302 767 387 815 Sed
408 786 500 815 non
521 772 668 816 minus
688 785 856 830 magna,
874 782 1005 834 atque
1022 773 1152 818 etiam
1175 771 1311 834 plura,
1330 772 1434 818 vitia
1453 772 1602 818 oriun-

203 846 276 881 tur
303 836 349 881 in
376 842 659 898 argumentiS,
697 838 766 884 vel
795 836 847 883 ad
875 836 1221 884 confirmandam
1251 841 1497 895 veritatem,
1530 839 1601 885 vel

203 902 256 949 ad
285 898 552 950 refellendos
586 921 771 961 errores,
804 903 836 951 fi
863 901 1061 952 historica
1079 906 1336 966 Theologia
1357 903 1479 953 absit.
1547 909 1599 953 In

203 969 367 1033 quibus
390 974 582 1035 primum
602 982 650 1019 et
669 974 907 1019 maximum
938 970 1013 1028 est,
1047 971 1170 1035 quod
1198 984 1457 1034 argumenta
1478 972 1599 1019 colli·

204 1050 373 1099 guntur
403 1056 428 1084 e
454 1037 596 1085 verbis
622 1039 740 1086 male
759 1038 1006 1094 intellestis,
1039 1056 1131 1086 non
1152 1057 1176 1085 e
1195 1040 1512 1088 consuetudine
1528 1057 1600 1086 an-

202 1109 337 1170 tiqua,
372 1123 503 1169 quarn
535 1104 711 1154 historia
741 1105 875 1153 docet
906 1116 1040 1170 atque
1060 1105 1253 1168 illustrat.
1317 1106 1448 1154 Vnde
1469 1107 1600 1154 nasci-

199 1185 274 1221 tur
294 1174 577 1238 Philosophia
596 1177 746 1238 potius
768 1171 822 1234 (fi
842 1185 992 1221 tamen
1012 1172 1170 1235 dignae
1189 1175 1290 1221 sunt
1308 1175 1399 1221 hoc
1416 1177 1598 1221 nomine

199 1243 562 1288 ratiocinationes
585 1253 631 1288 et
659 1241 972 1306 disputationes
995 1244 1160 1297 inanes,
1190 1260 1213 1289 a
1241 1242 1348 1289 falso
1379 1243 1598 1306 principio

198 1307 375 1363 dutiae>
409 1326 544 1374 quam
572 1310 836 1370 Theologia.
904 1314 1011 1358 Hoc
1039 1311 1198 1357 vitium
1230 1309 1341 1357 illud
1370 1307 1443 1363 est,
1476 1309 1600 1372 ‚quod

200 1375 460 1423 dominatur
496 1379 541 1424 in
572 1375 864 1434 Scholasticis,
906 1380 980 1442 qui
1012 1378 1316 1437 Theologiam
1352 1374 1600 1424 trastabant

199 1442 292 1491 fine
311 1442 486 1491 historia
515 1455 560 1492 et
590 1446 751 1492 literis:
777 1462 860 1510 per
879 1444 1002 1509 quod
1023 1445 1219 1493 vniuersa
1242 1445 1498 1506 Theologia
1517 1446 1598 1492 mi-

199 1512 293 1558 sere
313 1515 614 1560 contaminata
632 1524 678 1560 et
706 1525 914 1577 corrupta
942 1509 1014 1559 est.
1084 1517 1299 1561 Fatentur
1317 1529 1487 1569 omnm,
1521 1512 1598 1575 qui

201 1596 374 1636 eorum,
396 1581 649 1643 praesertim
672 1579 981 1635 celebriorum,
1001 1581 1161 1647 scripta
1177 1584 1428 1641 attigerunt,
1438 1595 1598 1639 magna

171 1677 183 1687 s
198 1649 246 1694 in
268 1650 317 1695 iis
337 1649 519 1708 ingenia‚
547 1660 593 1695 et
615 1648 881 1696 subtiliffima
901 1645 1046 1695 fuisse:
1082 1665 1167 1695 nec
1195 1650 1342 1694 minus
1361 1646 1596 1694 fatendum

202 1714 274 1769 est,
308 1732 395 1769 eos,
428 1719 629 1780 inprimis
653 1718 851 1764 Thomam
872 1717 1134 1780 Aquinatem,
1168 1718 1215 1761 in
1236 1714 1366 1762 rebus
1387 1716 1451 1771 iis,
1480 1729 1594 1777 quae

200 1783 272 1829 vel
308 1801 334 1828 e
364 1782 564 1830 versione
584 1787 623 1829 S.
653 1783 868 1830 librorum
892 1797 938 1829 et
957 1786 1032 1829 PP.
1052 1798 1332 1842 graecorum,
1367 1781 1436 1828 vel
1456 1797 1482 1826 e
1500 1782 1595 1827 lati-

199 1852 268 1898 nis
289 1854 371 1897 PP..
385 1851 590 1912 cognosci
614 1849 800 1913 possent,
820 1850 909 1896 sine
925 1861 1129 1898 accurata
1148 1849 1325 1896 scientia
1342 1849 1594 1910 linguarum
1675 1874 1678 1876 -

201 1920 248 1965 et
267 1916 453 1974 historia,
486 1935 596 1982 quae
617 1918 716 1966 sunt
736 1919 834 1965 sane
861 1934 1126 1981 non„pauca,
1159 1919 1369 1980 itemque,
1403 1932 1505 1963 eum
1523 1931 1594 1962 res

199 2003 325 2035 mere
349 1985 651 2046 intelligibiles
687 1984 898 2042 traaant,
938 2002 1047 2050 quae
1073 1981 1278 2032 historiae
1315 1984 1470 2031 lumen
1498 1997 1595 2029 non

200 2051 464 2111 desiderant,
518 2053 784 2102 acutissimos
818 2065 864 2100 et
897 2052 1208 2101 eruditiffimos
1249 2052 1292 2100 se
1329 2047 1594 2115 praebuisse:

189 2122 270 2174 ,sed
301 2139 403 2168 cum
436 2124 632 2185 primum
661 2121 866 2168 incidunt
890 2120 1026 2167 verba
1047 2135 1092 2168 et
1116 2137 1200 2176 res,
1222 2135 1418 2184 quarum
1434 2117 1596 2165 intelli-

196 2192 346 2251 gentia
366 2187 533 2237 constat
551 2189 856 2237 obseruatione
875 2187 1201 2236 consuetudinis
1231 2189 1435 2251 antiquae
1461 2194 1507 2246 et
1525 2184 1594 2232 hi-

196 2257 340 2315 storia,
375 2275 459 2321 qua
487 2267 614 2304 erant
644 2254 848 2312 destituti,
881 2273 975 2303 non
1004 2273 1083 2303 eos
1105 2254 1263 2303 deserit
1283 2269 1482 2311 acumen,
1517 2251 1594 2299 sed
1651 2301 1654 2304 ,

196 2325 310 2373 fiunt
338 2337 489 2372 tamen
517 2322 768 2376 stultiffimi.
811 2324 1031 2385 rebusque
1067 2324 1386 2369 commentitiis
1412 2320 1594 2384 replent

197 2396 369 2441 omnia:
392 2391 514 2456 quod
532 2390 702 2440 necesse
720 2389 781 2440 est
797 2391 891 2440 fieri
914 2390 1156 2456 saepiffime‚
1174 2408 1275 2438 cum
1295 2405 1442 2436 rerum
1463 2389 1594 2434 theo·

194 2462 442 2521 logicat-um
462 2463 646 2508 maxima
677 2477 775 2524 pars
803 2459 988 2508 ducatur
1014 2478 1037 2506 a
1057 2457 1334 2523 fafflssquae
1350 2455 1438 2503 sola
1456 2452 1606 2501 histo·'

194 2530 257 2574 ria
280 2530 517 2575 seruantur.
585 2533 736 2591 Atque
760 2526 918 2575 eodem
952 2529 1060 2574 vitio
1090 2525 1290 2573 laborant
1320 2523 1592 2570 recentiores

196 2594 593 2647 controuersiarum
624 2594 870 2659 scriptores,
906 2612 1009 2641 cum
1036 2595 1116 2650 alii,
1151 2605 1248 2641 tum
1276 2593 1457 2638 maxime
1476 2591 1589 2634 Pon·

195 2662 318 2713 eificii
347 2662 614 2729 superiores,
647 2663 694 2716 in
725 2663 791 2713 his
814 2665 1122 2720 Bellarminus,
1153 2664 1199 2710 in
1227 2675 1320 2725 quo
1347 2653 1590 2705 refellendo

872 2755 875 2758 ·
1490 2739 1590 2771 nus-
