1682 3068
216 192 315 245 428
523 197 598 229 An
627 182 661 227 1.
697 197 830 228 con.
861 198 973 229 xlv.
1044 177 1116 229 οἰ
1153 198 1325 228 nouo

218 305 335 368 cipia
357 302 746 351 semel‘constituta
765 304 996 368 postulent,
1025 303 1097 351 sed
1117 302 1225 368 quid
1244 301 1487 365 in-fingulis
1504 292 1620 354 caus·

216 371 271 419 fis
294 388 377 449 pro
399 371 470 419 sua
489 374 704 435 opinione
723 371 867 419 dicere
889 371 1071 435 poffint,
1103 371 1276 428 vident,
1292 416 1294 418 ,
1313 382 1359 419 et
1379 372 1618 437 cupiditate
1680 397 1682 437 ἦ

215 456 357 554 ἔπειξις
394 439 465 486 sua
495 442 762 499 incitantur,
809 456 940 506 quam
973 440 1213 505 tranquillo
1237 440 1432 488 veritatis
1467 457 1620 501 amore

249 519 454 555 ucuntur.

319 645 555 697 Ceterum,
594 643 679 689 hac
698 639 843 690 nostra
861 643 1033 691 ratione
1053 640 1237 707 probata
1251 677 1262 698 ,
1297 641 1404 706 quid
1423 643 1532 690 lucis
1554 660 1620 690 ac-

218 709 347 757 cedat
369 710 510 757 verbis
533 710 672 757 Paulli
695 728 731 756 v.
761 727 830 766 14.
859 727 929 768 15.
955 718 1026 758 16.
1059 726 1129 767 19.
1164 708 1412 767 videamus3
1450 712 1495 757 in
1517 712 1618 774 qui-

216 777 298 824 bus
321 781 567 825 orationem
588 780 864 842 precantium
890 795 1010 832 eam,
1040 794 1150 842 quae
1170 775 1245 823 fiat
1264 778 1299 824 ἐν
1319 775 1523 848 γλώσ-σῃ,
1542 779 1617 824 tin-

211 862 304 910 gua
326 856 525 901 externa,
564 848 623 892 ait
647 844 739 891 fieri
759 847 796 893 ἐν
817 844 1058 908 πνεύματι,
1092 861 1289 909 quocum
1312 847 1446 892 etiam
1487 844 1619 891 verba

214 915 255 962 ἐν
264 912 454 978 γλώσ-σῃ
474 930 513 958 v.
530 929 546 956 1
559 930 597 970 9.
611 923 851 970 permutat,
882 916 1011 978 eique
1030 914 1234 976 ορροηίε,
1241 929 1394 976 preces
1415 923 1461 959 et
1473 912 1619 968 verba,

215 998 328 1046 quae
348 980 456 1028 fiant
475 974 551 1028 δια)
572 980 632 1031 vs?
644 979 730 1034 νοὸς
749 981 817 1027 vel
838 981 906 1029 νοΐ.
959 985 1079 1027 Nam
1100 978 1129 1024 fi
1152 981 1195 1026 in
1218 981 1344 1027 omni
1368 980 1483 1027 illius
1509 978 1619 1026 doni

214 1047 376 1095 vsu-est
397 1048 763 1095 extraordinarius
786 1050 971 1112 Spiritus
996 1045 1129 1093 sanffi
1148 1057 1324 1103 motus,
1367 1057 1417 1094 vt
1438 1050 1480 1093 in
1501 1049 1619 1097 αἰπο-

215 1111 441 1180 καλύψρι,
479 1126 544 1173 et,
574 1127 620 1161 vt
643 1117 925 1162 Tertullianus
943 1115 1162 1178 appellare
1182 1113 1379 1168 videtur,
1415 1114 1617 1170 ἔκςασις,

214 1186 261 1231 in
285 1202 370 1248 qua
393 1186 467 1246 qui
488 1183 605 1236 sunt,
639 1183 848 1229 dicuntur
865 1180 951 1229 effe
973 1184 1010 1230 ἐν
1026 1179 1271 1244 πνεύματι,
1314 1182 1445 1243 Apoc.
1466 1186 1507 1237 J,
1548 1198 1619 1228 10.

214 1269 318 1299 nam
331 1251 374 1298 id
394 1250 505 1301 nihil
519 1249 670 1297 differt
680 1250 732 1297 ab
751 1251 887 1298 altera
905 1251 1044 1297 forma
1064 1251 1100 1299 ἐν
1114 1245 1562 1306 ἑκςοὶσεα,Αὲῗον-.ΧῙ,
1577 1264 1618 1306 ς.

214 1319 245 1367 fi
267 1322 348 1375 ita,
390 1320 594 1382 inquam,
639 1316 700 1364 est
714 1356 725 1375 ,
774 1328 820 1364 vt
849 1336 932 1366 nos
961 1316 1276 1373 existimatum,
1320 1318 1365 1363 in
1399 1315 1618 1381 precibus,

213 1405 329 1452 quae
348 1384 463 1433 fiunt
483 1388 534 1433 ab
557 1387 707 1450 aliquo
730 1389 771 1433 in
787 1385 975 1433 Ecclesia
994 1390 1032 1437 ἐν
1051 1383 1255 1448 γλώσσῃ,
1276 1386 1359 1430 erit
1379 1401 1500 1430 mera
1521 1399 1618 1447 per·

214 1454 353 1520 peffio
382 1457 540 1511 animi,
594 1456 851 1518 recipientis
892 1466 1066 1501 motum
1112 1439 1365 1518 impr‘ess'um
1394 1451 1619 1505 diuinitus,
1666 1495 1670 1498 .

214 1526 338 1570 cuius
361 1524 593 1586 perceptio
618 1525 773 1569 intima
792 1521 963 1569 adficiat
983 1524 1182 1569 animum
1203 1531 1305 1584 apte
1327 1519 1380 1566 ad
1394 1522 1617 1583 pietatem.

213 1590 301 1638 Sed
322 1591 394 1637 ille
415 1589 563 1636 sensus
586 1607 678 1637 non
693 1593 830 1651 magis
852 1588 1005 1654 prodit
1020 1589 1150 1646 forae,
1171 1605 1301 1652 quam
1322 1588 1384 1634 illi
1402 1582 1615 1648 ςενοιγμοὶ

212 1658 456 1715 ἀλάληται,
496 1661 614 1706 Rom.
639 1659 772 1713 VIII,
796 1665 868 1705 26.
904 1658 1123 1720 seruitque
1143 1656 1252 1703 adeo
1274 1656 1493 1719 precanti,
1524 1670 1616 1699 non

215 1726 428 1773 audienti.
509 1725 645 1779 Quod
664 1725 785 1771 secus
808 1723 889 1779 est,
927 1741 1028 1770 cum
1048 1725 1201 1786 aliquis
1222 1725 1267 1768 in
1289 1719 1513 1786 precando
1536 1722 1615 1767 vti·

214 1804 291 1840 tur
311 1796 354 1840 vi
374 1791 621 1853 cogitandi,
661 1809 874 1856 quaerens
903 1792 994 1855 ipse
1021 1791 1277 1845 sententiaS,
1317 1801 1363 1836 et
1395 1787 1614 1842 ordinans,

215 1872 264 1908 et
282 1860 424 1907 verbis
448 1861 532 1907 suis
546 1896 555 1914 ,
597 1874 641 1907 et
662 1862 797 1924 aptis,
841 1871 885 1905 et
906 1861 1026 1906 notis
1048 1860 1201 1905 coetui
1220 1855 1511 1911 audientium,
1550 1871 1618 1901 ex·

214 1929 424 1995 primenS.
494 1932 612 1974 Nam
634 1930 679 1974 in
702 1929 784 1974 hac
802 1925 999 1981 astione,
1033 1943 1144 1989 quae
1164 1926 1344 1989 proprie
1365 1921 1438 1977 est,
1467 1922 1616 1980 secun·

217 1996 324 2044 dum
347 1998 623 2043 Graecorum
644 1993 1012 2042 consuetudinem
1032 1993 1263 2058 loquendi,
1302 1988 1496 2046 νοέντων,
1521 2006 1618 2038 συν-

215 2062 412 2120 νοέντων,
456 2062 655 2126 adeoque
684 2061 739 2111 τὲ
768 2061 876 2119 νοὸς,
917 2079 1011 2109 non
1033 2060 1169 2109 modo
1187 2062 1357 2108 animus
1379 2058 1615 2119 cogitantis

214 2135 292 2199 pie
310 2142 542 2188 mouetur,
579 2131 650 2179 sed
674 2132 802 2177 etiam
835 2131 927 2194 pari
948 2130 1068 2177 sensu·
1090 2126 1216 2176 adfici
1244 2124 1423 2192 possunt
1445 2127 1497 2182 ii,
1538 2126 1616 2188 qui

211 2201 417 2250 audIunt.
475 2205 624 2263 Atque
642 2200 731 2246 hoc
753 2197 896 2244 firmat
916 2198 1060 2244 versus
1081 2206 1272 2260 quartus,
1304 2194 1374 2241 vbi
1392 2195 1463 2249 ait,
1497 2209 1615 2247 eum,

215 2270 298 2333 qui
316 2270 354 2317 ἐν
370 2266 562 2333 ’γλώσσῃ
581 2267 807 2331 loquatur,
847 2265 994 2315 ἑαυτὸν
1023 2259 1268 2328 οἶκοδομεῐν,
1310 2260 1459 2325 (quod
1477 2278 1516 2307 v.
1543 2276 1616 2325 ¹4·

217 2335 281 2382 cst
300 2338 481 2395 πνεῦμα,
501 2331 823 2400 προσ-εὔχεται)
860 2350 951 2379 non
973 2335 1101 2389 alim,
1132 2331 1385 2388 ἐκκλησίαν,
1420 2345 1502 2392 pro
1524 2344 1614 2390 quo

215 2422 257 2452 v.
287 2421 357 2461 14.
377 2402 439 2450 est
462 2405 483 2453 ὁ
506 2397 550 2451 δὲ
573 2405 643 2456 vic
662 2397 867 2466 ἄκαρπός
890 2402 970 2458 ἑτέ-ι,
1009 2410 1055 2448 at
1083 2417 1194 2447 mens
1222 2415 1312 2446 mea
1341 2399 1494 2445 nullum
1509 2394 1616 2456 fru-

217 2472 327 2518 stum
357 2475 463 2527 edit,
503 2472 670 2517 nullam
702 2463 915 2529 οἰκοδομὴν
945 2466 1075 2515 affert
1102 2466 1317 2531 praesenti
1345 2474 1391 2511 et
1419 2460 1615 2509 audienti

219 2536 457 2593 Ecclefiae,
499 2536 621 2602 quod
650 2549 796 2585 tamen
818 2536 912 2582 fieri
933 2535 1063 2583 debet
1087 2537 1134 2581 in
1156 2532 1379 2586 omnibus,
1422 2546 1535 2593 quae
1567 2530 1615 2575 in

217 2603 411 2653 Ecclesia
430 2618 632 2666 aguntur.
708 2609 810 2652 Vno
831 2606 930 2651 loeo
945 2640 956 2660 ,
992 2621 1030 2651 v.
1053 2620 1094 2649 2.
1125 2598 1340 2662 πνεύματι
1359 2597 1513 2648 λαλεῖν
1543 2596 1617 2642 ali-

219 2687 290 2724 ter
318 2672 494 2732 dicitur,
531 2689 625 2721 non
646 2682 695 2721 vt
720 2673 776 2720 de
803 2670 1123 2727 instrumento,
1158 2669 1230 2715 sed
1253 2678 1301 2717 vt
1328 2666 1383 2714 de
1409 2664 1519 2722 fine,
1555 2653 1615 2710 'ad

1473 2746 1613 2799 quem
