1682 3068
151 156 251 212 ‘258
451 163 735 196 vmmcur.
783 163 1036 197 Anni-nur
1072 167 1255 199 mvnu

255 286 332 330 73.
402 269 486 318 sed
514 270 630 318 hanc
654 269 790 334 ipsam
818 273 1057 328 rationem,
1107 273 1163 320 de
1198 274 1346 322 salutis
1374 275 1450 341 spe
1474 293 1558 340 per

152 338 288 388 fidem
309 341 342 384 Ι.
364 341 411 386 C.
433 355 545 403 quae
562 355 633 385 res
653 341 925 395 contineant,
955 355 1056 388 cum
1078 343 1122 387 in
1143 342 1376 391 elementis
1397 341 1556 394 doari-

150 424 236 454 nae
253 403 473 464 tradatur,
510 423 562 453 ea
581 407 723 470 repeti
741 407 830 454 hoc
849 407 953 455 loco
977 425 1071 455 non
1091 407 1152 455 est
1170 407 1356 456 neoeffe.
1436 411 1557 459 Inter

150 491 249 524 eam
269 489 406 538 porro
430 475 675 530 rationem,
703 476 730 521 i.
753 491 789 520 e.
809 471 943 535 fidem
963 479 996 521 1.
1021 480 1068 524 C.
1088 487 1133 522 et
1153 477 1334 524 salutem
1354 493 1403 523 ac
1420 476 1557 524 felici-

150 551 289 590 tatem
306 542 345 588 ei
365 539 657 606 propositam,
699 541 866 587 nullam
897 540 984 589 effe
1011 544 1260 591 naturalem
1290 561 1340 592 ac
1369 542 1557 592 neceffa·

152 612 262 659 riam
290 609 643 673 copulationem,
688 607 731 654 id
750 607 893 671 ipsum
923 627 1105 675 quoque
1137 612 1182 657 in
1202 611 1416 676 superiori
1431 615 1557 660 Parte

152 676 461 742 disputationis
485 673 833 722 demonstratum
858 674 930 723 est.
979 680 1261 743 Quamquam
1278 696 1350 726 res
1371 678 1557 726 demon·

150 743 363 793 stratione
383 760 475 791 non
494 754 619 804 eget,
653 759 753 789 cum
773 754 962 808 propter
979 746 1096 792 illam
1117 747 1253 810 ipsam
1275 743 1482 802 caussam,
1498 755 1557 803 et,

151 815 257 878 quia
276 814 322 858 in
334 811 417 858 hae
434 812 606 858 ratione
628 809 776 856 salutis
789 810 1025 874 sperandae
1043 812 1270 860 manifeste
1291 816 1439 862 omnia
1456 818 1557 861 Deo

151 880 305 930 libera-
326 878 448 937 sunt,
503 888 548 925 et
584 876 768 924 arbitrio
807 877 961 927 diuino
1008 879 1267 937 constituta,
1313 879 1422 929 fides
1467 880 1560 945 ipsa

150 945 411 1013 repudietur
442 944 495 992 ab
527 947 643 991 male
671 945 966 1010 sapientibus,
1017 949 1093 1010 qui
1123 948 1237 995 nihil
1261 951 1310 996 in
1337 950 1557 1010 religione

151 1016 289 1070 ferre,
343 1012 419 1060 nisi
438 1010 692 1068 necessaria,
732 1014 904 1060 volunt.
1005 1016 1284 1079 Relinquitur
1310 1017 1467 1077 igitur,
1509 1025 1558 1063 vt

152 1079 457 1136 ostendamus,
508 1081 624 1128 hanc
658 1081 884 1128 rationem
916 1079 1081 1128 habere
1120 1084 1316 1146 primum
1344 1084 1456 1141 hoc,
1508 1093 1558 1130 vt

151 1153 305 1201 omnia
333 1150 458 1196 faciat
485 1146 686 1194 beneficii
715 1146 875 1204 diuini,
913 1166 1054 1213 eaque
1082 1166 1132 1195 re
1159 1147 1343 1197 illustret
1372 1152 1558 1212 gloriam

150 1219 359 1267 bonitatis
380 1216 577 1270 diuinae,
620 1225 665 1261 et
686 1214 807 1281 spem
826 1216 969 1263 salutis
989 1214 1144 1263 reddat
1162 1219 1349 1264 omnino
1368 1227 1556 1274 certam5

152 1285 315 1348 deinde
334 1286 522 1332 alterum
542 1297 744 1347 quoque,
781 1294 831 1330 vt
859 1282 912 1329 ad
931 1282 1104 1346 diuinae
1130 1283 1312 1331 iustitiae
1333 1295 1378 1332 et
1405 1282 1556 1333 sanai-

151 1355 252 1402 tatis
274 1352 683 1407 conseruationem,
714 1364 789 1406 eo,
823 1367 913 1417 quo
932 1360 1035 1398 'ante
1057 1349 1290 1400 definitum
1311 1350 1397 1410 est,
1416 1351 1557 1401 modo

151 1423 306 1472 valeat.
948 1436 953 1438 >

259 1503 334 1549 74.
362 1490 454 1534 Iam
476 1488 683 1550 primum,
705 1483 822 1548 quod
842 1484 937 1550 spes
959 1485 1101 1534 salutis
1122 1502 1148 1532 e
1166 1485 1254 1534 sola
1270 1486 1557 1552 promiffione

158 1556 307 1606 diuina
329 1553 517 1620 pendet,
561 1566 606 1599 et
623 1551 732 1609 fide,
775 1569 888 1615 quae
907 1552 1242 1616 promiffionem
1263 1552 1557 1620 ampleffltur,

156 1643 207 1673 ea
233 1641 282 1672 re
309 1623 489 1669 salutem
520 1636 704 1668 omnem
731 1617 827 1666 fieri
854 1619 1055 1667 beneficii
1076 1619 1239 1678 diuini,
1283 1622 1329 1670 id
1357 1639 1427 1669 res
1468 1623 1482 1668 i
1515 1623 1558 1669 sa

158 1690 369 1747 declarat,
411 1699 457 1735 et
476 1688 653 1734 Paullus
683 1703 785 1733 cum
818 1687 1024 1734 omnibus
1045 1689 1277 1753 Prophetis
1302 1699 1349 1737 et
1366 1639 1554 1754 Apollo

152 1762 207 1810 lis
227 1760 342 1806 clare
362 1757 516 1812 docet,
551 1772 651 1801 cum
681 1753 804 1819 spem
824 1754 970 1801 salutis
995 1754 1137 1802 datam
1159 1755 1312 1812 docet,
1340 1759 1462 1806 Rom.
1472 1758 1554 1813 IV,

158 1835 231 1876 16.
252 1843 329 1884 24.
347 1886 349 1888 Ι
365 1818 440 1873 διαὶ
455 1821 528 1877 τῆς
547 1821 730 1877 πίςεως,
761 1822 830 1872 ἵνα
847 1819 971 1872 κατ-αἶ
989 1820 1142 1887 χοίξιν,
1185 1833 1230 1871 vt
1236 1826 1302 1889 stt
1318 1824 1558 1886 beneficium

152 1897 354 1944 bonitatis
374 1894 535 1939 diuinae
549 1927 560 1947 ,
601 1888 728 1936 fimus
745 1883 1019 1953 δικαιέμενοι
1038 1884 1197 1959 δωςεοὲν
1216 1890 1268 1947 ‘rii
1284 1892 1374 1941 Θεέ
1390 1889 1556 1958 χοὶξιτι,

153 1956 392 2027 gratuitam
445 1955 740 2022 remirffionem
790 1956 1096 2022 peccatorum
1132 1946 1348 2005 bene'ficio
1403 1957 1555 2006 diuino

153 2030 417 2083 babeamus,
446 2029 491 2073 in
519 2042 665 2088 eoque
686 2021 1011 2072 demonstretur
1029 2025 1292 2088 magnitudo
1311 2024 1556 2088 benignita-

154 2100 212 2146 tis
245 2096 419 2144 diuinae
450 2092 604 2156 Ephes
636 2095 703 2149 II,
737 2108 779 2150 7.
803 2102 844 2146 3.
885 2102 930 2139 et
958 2094 1019 2139 ita
1046 2095 1195 2141 onmia
1221 2093 1470 2140 referantur
1501 2091 1556 2144 ad

155 2171 320 2216 Deum.
376 2167 529 2226 Atque
550 2163 659 2207 haec
679 2158 740 2206 est
758 2157 910 2217 cauffa,
932 2177 1066 2225 quare
1084 2163 1209 2207 Deus
1230 2160 1412 2208 salutem
1425 2162 1555 2216 hanc,

157 2250 272 2299 quae
298 2248 380 2297 per
399 2228 533 2276 fidem
560 2228 692 2275 solam
717 2225 926 2274 destinata
956 2225 1018 2273 est
1046 2226 1321 2283 hominibus,
1358 2227 1555 2292 appellet
1588 2286 1591 2288 Ι

148 2303 329 2367 fizlutem
357 2308 400 2346 et
427 2296 621 2361 iustitiam
643 2296 784 2359 stiam,
825 2295 904 2357 EJ]
923 2289 1050 2353 LVI,
1079 2313 1114 2342 1.
1133 2298 1352 2360 -itemque
1379 2294 1554 2342 Paullus

157 2372 284 2417 Rom.
312 2369 350 2424 I,
390 2381 458 2423 17.
503 2357 766 2418 δικαιοσύνην
792 2364 902 2422 asi,
947 2378 997 2408 ex
1026 2365 1182 2428 Efiziae
1208 2363 1234 2410 l.
1260 2380 1291 2410 c.
1375 2365 1428 2408 In
1459 2378 1551 2426 quo

159 2436 236 2483 sua
253 2436 413 2500 sponte
431 2432 713 2492 intelligitur,
756 2441 914 2494 quanta
933 2427 983 2477 sit
1001 2431 1066 2476 vis
1091 2429 1144 2477 ad
1168 2427 1362 2477 officium
1390 2431 1551 2476 amoris

156 2502 360 2560 aduersus
381 2503 525 2545 Deum
551 2496 953 2546 commendandum
972 2499 1129 2544 animis
1159 2498 1414 2553 hominum,
1451 2507 1552 2542 tan-

155 2579 255 2618 turn
294 2566 558 2615 beneficium
588 2568 899 2629 accipientium
941 2563 1032 2611 {ine
1071 2565 1162 2611 vllo
1198 2565 1276 2610 suo
1315 2562 1466 2610 labore
1499 2580 1551 2610 ac

156 2637 341 2691 merito,
387 2651 413 2679 e
433 2651 524 2699 quo
546 2636 678 2680 etiam
697 2635 742 2682 in
759 2634 958 2682 humanis
978 2630 1198 2679 beneficiis
1219 2630 1549 2678 commendatio

990 2714 995 2722 ·
1356 2715 1546 2746 maxima
