<?xml version="1.0" encoding="UTF-8"?>
<!DOCTYPE html PUBLIC "-//W3C//DTD XHTML 1.0 Transitional//EN"
    "http://www.w3.org/TR/xhtml1/DTD/xhtml1-transitional.dtd">
<html xmlns="http://www.w3.org/1999/xhtml" xml:lang="en" lang="en">
 <head>
  <title>
</title>
<meta http-equiv="Content-Type" content="text/html;charset=utf-8" />
  <meta name='ocr-system' content='tesseract 3.04.00' />
  <meta name='ocr-capabilities' content='ocr_page ocr_carea ocr_par ocr_line ocrx_word'/>
</head>
<body>
  <div class='ocr_page' id='page_1' title='image "./opusculatheologi00erneuoft_0182.png"; bbox 0 0 1682 3068; ppageno 0'>
   <div class='ocr_carea' id='block_1_1' title="bbox 193 180 1260 234">
    <p class='ocr_par' dir='ltr' id='par_1_1' title="bbox 193 180 1260 234">
     <span class='ocr_line' id='line_1_1' title="bbox 193 180 1260 234; baseline 0 0"><span class='ocrx_word' id='word_1_1' title='bbox 193 180 287 234; x_wconf 81' lang='lat'>160</span> <span class='ocrx_word' id='word_1_2' title='bbox 523 202 586 231; x_wconf 69' lang='lat' dir='ltr'>Dr:</span> <span class='ocrx_word' id='word_1_3' title='bbox 619 201 964 234; x_wconf 60' lang='lat' dir='ltr'>rantum-rm</span> <span class='ocrx_word' id='word_1_4' title='bbox 998 204 1260 234; x_wconf 72' lang='lat' dir='ltr'>conroms</span> 
     </span>
    </p>
   </div>
   <div class='ocr_carea' id='block_1_2' title="bbox 186 304 1589 646">
    <p class='ocr_par' dir='ltr' id='par_1_2' title="bbox 187 304 1585 442">
     <span class='ocr_line' id='line_1_2' title="bbox 190 304 1585 370; baseline 0.001 -15"><span class='ocrx_word' id='word_1_5' title='bbox 190 308 380 355; x_wconf 84' lang='lat' dir='ltr'>omnino</span> <span class='ocrx_word' id='word_1_6' title='bbox 401 304 514 352; x_wconf 84' lang='lat' dir='ltr'>abest</span> <span class='ocrx_word' id='word_1_7' title='bbox 535 306 588 355; x_wconf 82' lang='lat' dir='ltr'>ab</span> <span class='ocrx_word' id='word_1_8' title='bbox 609 306 700 355; x_wconf 90' lang='lat' dir='ltr'>hoc</span> <span class='ocrx_word' id='word_1_9' title='bbox 719 312 1009 364; x_wconf 74' lang='lat' dir='ltr'>sacramento,</span> <span class='ocrx_word' id='word_1_10' title='bbox 1030 309 1102 356; x_wconf 86' lang='lat' dir='ltr'>sed</span> <span class='ocrx_word' id='word_1_11' title='bbox 1122 309 1445 370; x_wconf 72' lang='lat' dir='ltr'><strong>benignitatem</strong></span> <span class='ocrx_word' id='word_1_12' title='bbox 1460 310 1585 359; x_wconf 83' lang='lat' dir='ltr'>Chri-</span> 
     </span>
     <span class='ocr_line' id='line_1_3' title="bbox 187 374 1424 442; baseline 0.001 -19"><span class='ocrx_word' id='word_1_13' title='bbox 187 374 240 423; x_wconf 77' lang='lat' dir='ltr'>sti</span> <span class='ocrx_word' id='word_1_14' title='bbox 269 376 451 421; x_wconf 86' lang='lat' dir='ltr'>liberam</span> <span class='ocrx_word' id='word_1_15' title='bbox 475 387 520 422; x_wconf 87' lang='lat' dir='ltr'>et</span> <span class='ocrx_word' id='word_1_16' title='bbox 541 374 771 440; x_wconf 86' lang='lat' dir='ltr'>prouidam</span> <span class='ocrx_word' id='word_1_17' title='bbox 794 374 1098 442; x_wconf 82' lang='lat' dir='ltr'>praedicamus</span> <span class='ocrx_word' id='word_1_18' title='bbox 1120 390 1165 424; x_wconf 91' lang='lat' dir='ltr'>et</span> <span class='ocrx_word' id='word_1_19' title='bbox 1184 377 1424 429; x_wconf 84' lang='lat' dir='ltr'><strong>laudamus.</strong></span> 
     </span>
    </p>

    <p class='ocr_par' dir='ltr' id='par_1_3' title="bbox 186 442 1589 646">
     <span class='ocr_line' id='line_1_4' title="bbox 287 442 1587 506; baseline 0 -15"><span class='ocrx_word' id='word_1_20' title='bbox 287 459 307 497; x_wconf 89' lang='lat'>3</span> <span class='ocrx_word' id='word_1_21' title='bbox 325 460 358 491; x_wconf 87' lang='lat'>1.</span> <span class='ocrx_word' id='word_1_22' title='bbox 402 442 484 489; x_wconf 88' lang='lat' dir='ltr'>Sed</span> <span class='ocrx_word' id='word_1_23' title='bbox 516 446 583 490; x_wconf 40' lang='lat' dir='ltr'>ita*</span> <span class='ocrx_word' id='word_1_24' title='bbox 605 460 774 491; x_wconf 87' lang='lat' dir='ltr'>nouum</span> <span class='ocrx_word' id='word_1_25' title='bbox 806 461 946 506; x_wconf 87' lang='lat' dir='ltr'>genus</span> <span class='ocrx_word' id='word_1_26' title='bbox 970 444 1129 491; x_wconf 88' lang='lat' dir='ltr'>edendi</span> <span class='ocrx_word' id='word_1_27' title='bbox 1151 462 1201 492; x_wconf 90' lang='lat' dir='ltr'>ac</span> <span class='ocrx_word' id='word_1_28' title='bbox 1227 443 1405 492; x_wconf 88' lang='lat' dir='ltr'>bibendi</span> <span class='ocrx_word' id='word_1_29' title='bbox 1428 443 1587 492; x_wconf 87' lang='lat' dir='ltr'>consti-</span> 
     </span>
     <span class='ocr_line' id='line_1_5' title="bbox 186 509 1588 576; baseline 0.001 -20"><span class='ocrx_word' id='word_1_30' title='bbox 186 511 350 565; x_wconf 85' lang='lat' dir='ltr'>tuitur,</span> <span class='ocrx_word' id='word_1_31' title='bbox 381 510 504 574; x_wconf 87' lang='lat' dir='ltr'>quod</span> <span class='ocrx_word' id='word_1_32' title='bbox 523 509 574 559; x_wconf 84' lang='lat' dir='ltr'>sit</span> <span class='ocrx_word' id='word_1_33' title='bbox 594 510 791 560; x_wconf 87' lang='lat' dir='ltr'>medium</span> <span class='ocrx_word' id='word_1_34' title='bbox 813 514 930 559; x_wconf 87' lang='lat' dir='ltr'>inter</span> <span class='ocrx_word' id='word_1_35' title='bbox 949 511 1180 576; x_wconf 72' lang='lat' dir='ltr'>physicum</span> <span class='ocrx_word' id='word_1_36' title='bbox 1202 523 1247 559; x_wconf 88' lang='lat' dir='ltr'>et</span> <span class='ocrx_word' id='word_1_37' title='bbox 1268 512 1449 566; x_wconf 80' lang='lat' dir='ltr'>morale,</span> <span class='ocrx_word' id='word_1_38' title='bbox 1476 528 1588 575; x_wconf 90' lang='lat' dir='ltr'>quo·</span> 
     </span>
     <span class='ocr_line' id='line_1_6' title="bbox 187 575 1589 646; baseline 0 -21"><span class='ocrx_word' id='word_1_39' title='bbox 187 595 288 625; x_wconf 85' lang='lat' dir='ltr'>rum</span> <span class='ocrx_word' id='word_1_40' title='bbox 313 577 420 625; x_wconf 89' lang='lat' dir='ltr'>illud</span> <span class='ocrx_word' id='word_1_41' title='bbox 439 575 492 625; x_wconf 82' lang='lat' dir='ltr'>ad</span> <span class='ocrx_word' id='word_1_42' title='bbox 512 595 686 642; x_wconf 76' lang='lat' dir='ltr'>corpuS‚</span> <span class='ocrx_word' id='word_1_43' title='bbox 718 579 808 627; x_wconf 84' lang='lat' dir='ltr'>hoc</span> <span class='ocrx_word' id='word_1_44' title='bbox 827 579 878 626; x_wconf 90' lang='lat' dir='ltr'>ad</span> <span class='ocrx_word' id='word_1_45' title='bbox 898 583 1094 627; x_wconf 86' lang='lat' dir='ltr'>animum</span> <span class='ocrx_word' id='word_1_46' title='bbox 1114 582 1349 646; x_wconf 85' lang='lat' dir='ltr'>pertineat,</span> <span class='ocrx_word' id='word_1_47' title='bbox 1370 597 1472 627; x_wconf 89' lang='lat' dir='ltr'>cum</span> <span class='ocrx_word' id='word_1_48' title='bbox 1495 595 1589 626; x_wconf 91' lang='lat' dir='ltr'>non</span> 
     </span>
    </p>
   </div>
   <div class='ocr_carea' id='block_1_3' title="bbox 185 629 1682 712">
    <p class='ocr_par' dir='ltr' id='par_1_4' title="bbox 185 629 1682 712">
     <span class='ocr_line' id='line_1_7' title="bbox 185 629 1682 712; baseline 0.002 -21"><span class='ocrx_word' id='word_1_49' title='bbox 185 644 265 692; x_wconf 84' lang='lat' dir='ltr'>nifi</span> <span class='ocrx_word' id='word_1_50' title='bbox 297 646 386 693; x_wconf 86' lang='lat' dir='ltr'>duo</span> <span class='ocrx_word' id='word_1_51' title='bbox 421 642 507 694; x_wconf 80' lang='lat' dir='ltr'><strong>ell&#39;e</strong></span> <span class='ocrx_word' id='word_1_52' title='bbox 532 644 717 712; x_wconf 83' lang='lat' dir='ltr'>poffint,</span> <span class='ocrx_word' id='word_1_53' title='bbox 770 649 872 711; x_wconf 81' lang='lat' dir='ltr'>quia</span> <span class='ocrx_word' id='word_1_54' title='bbox 906 647 1098 695; x_wconf 87' lang='lat' dir='ltr'>totidem</span> <span class='ocrx_word' id='word_1_55' title='bbox 1137 647 1274 695; x_wconf 87' lang='lat' dir='ltr'>modo</span> <span class='ocrx_word' id='word_1_56' title='bbox 1313 648 1413 695; x_wconf 87' lang='lat' dir='ltr'>sunt</span> <span class='ocrx_word' id='word_1_57' title='bbox 1442 657 1587 712; x_wconf 81' lang='lat' dir='ltr'>partes</span> <span class='ocrx_word' id='word_1_58' title='bbox 1635 685 1638 687; x_wconf 15' lang='grc' dir='ltr'>μ</span> <span class='ocrx_word' id='word_1_59' title='bbox 1680 629 1682 678; x_wconf 61' lang='lat' dir='ltr'><strong>l</strong></span> 
     </span>
    </p>
   </div>
   <div class='ocr_carea' id='block_1_4' title="bbox 143 712 1589 1182">
    <p class='ocr_par' dir='ltr' id='par_1_5' title="bbox 143 712 1589 1182">
     <span class='ocr_line' id='line_1_8' title="bbox 186 712 1587 781; baseline 0 -21"><span class='ocrx_word' id='word_1_60' title='bbox 186 713 399 762; x_wconf 80' lang='lat' dir='ltr'>hominis.</span> <span class='ocrx_word' id='word_1_61' title='bbox 442 713 688 762; x_wconf 85' lang='lat' dir='ltr'>Enimuero</span> <span class='ocrx_word' id='word_1_62' title='bbox 707 712 816 779; x_wconf 89' lang='lat' dir='ltr'>quid</span> <span class='ocrx_word' id='word_1_63' title='bbox 837 717 1048 763; x_wconf 73' lang='lat' dir='ltr'>nouitatis</span> <span class='ocrx_word' id='word_1_64' title='bbox 1070 716 1439 781; x_wconf 80' lang='lat' dir='ltr'>commemoratio</span> <span class='ocrx_word' id='word_1_65' title='bbox 1459 713 1587 761; x_wconf 71' lang='lat' dir='ltr'>nobis</span> 
     </span>
     <span class='ocr_line' id='line_1_9' title="bbox 188 778 1589 838; baseline -0.001 -10"><span class='ocrx_word' id='word_1_66' title='bbox 188 778 324 836; x_wconf 80' lang='lat' dir='ltr'>obfit,</span> <span class='ocrx_word' id='word_1_67' title='bbox 362 797 455 829; x_wconf 89' lang='lat' dir='ltr'>non</span> <span class='ocrx_word' id='word_1_68' title='bbox 474 780 696 838; x_wconf 86' lang='lat' dir='ltr'>videmus,</span> <span class='ocrx_word' id='word_1_69' title='bbox 737 798 839 829; x_wconf 81' lang='lat' dir='ltr'>cum</span> <span class='ocrx_word' id='word_1_70' title='bbox 858 793 1007 830; x_wconf 88' lang='lat' dir='ltr'>totum</span> <span class='ocrx_word' id='word_1_71' title='bbox 1030 783 1118 830; x_wconf 90' lang='lat' dir='ltr'>hoe</span> <span class='ocrx_word' id='word_1_72' title='bbox 1144 781 1393 830; x_wconf 83' lang='lat' dir='ltr'>institutum</span> <span class='ocrx_word' id='word_1_73' title='bbox 1429 779 1589 830; x_wconf 82' lang='lat' dir='ltr'>Christi</span> 
     </span>
     <span class='ocr_line' id='line_1_10' title="bbox 184 848 1586 913; baseline -0.001 -16"><span class='ocrx_word' id='word_1_74' title='bbox 184 866 362 898; x_wconf 83' lang='lat' dir='ltr'>nouum</span> <span class='ocrx_word' id='word_1_75' title='bbox 391 859 491 896; x_wconf 83' lang='lat' dir='ltr'>turn</span> <span class='ocrx_word' id='word_1_76' title='bbox 520 849 667 897; x_wconf 89' lang='lat' dir='ltr'>fuerit.</span> <span class='ocrx_word' id='word_1_77' title='bbox 769 850 828 896; x_wconf 90' lang='lat' dir='ltr'>Et</span> <span class='ocrx_word' id='word_1_78' title='bbox 867 853 1053 898; x_wconf 84' lang='lat' dir='ltr'>tertium</span> <span class='ocrx_word' id='word_1_79' title='bbox 1094 867 1237 913; x_wconf 89' lang='lat' dir='ltr'>genus</span> <span class='ocrx_word' id='word_1_80' title='bbox 1277 848 1437 896; x_wconf 90' lang='lat' dir='ltr'>edendi</span> <span class='ocrx_word' id='word_1_81' title='bbox 1475 848 1586 896; x_wconf 86' lang='lat' dir='ltr'>nihil</span> 
     </span>
     <span class='ocr_line' id='line_1_11' title="bbox 187 915 1586 983; baseline -0.001 -19"><span class='ocrx_word' id='word_1_82' title='bbox 187 915 354 964; x_wconf 79' lang='lat' dir='ltr'>absurdi</span> <span class='ocrx_word' id='word_1_83' title='bbox 375 915 520 964; x_wconf 83' lang='lat' dir='ltr'>habet.</span> <span class='ocrx_word' id='word_1_84' title='bbox 590 919 713 963; x_wconf 83' lang='lat' dir='ltr'>Nam</span> <span class='ocrx_word' id='word_1_85' title='bbox 733 917 840 981; x_wconf 89' lang='lat' dir='ltr'>quid</span> <span class='ocrx_word' id='word_1_86' title='bbox 859 918 1061 983; x_wconf 78' lang='lat' dir='ltr'>impedit,</span> <span class='ocrx_word' id='word_1_87' title='bbox 1082 935 1174 983; x_wconf 88' lang='lat' dir='ltr'>quo</span> <span class='ocrx_word' id='word_1_88' title='bbox 1198 919 1342 964; x_wconf 85' lang='lat' dir='ltr'>minus</span> <span class='ocrx_word' id='word_1_89' title='bbox 1359 916 1412 963; x_wconf 79' lang='lat' dir='ltr'>fit</span> <span class='ocrx_word' id='word_1_90' title='bbox 1430 933 1586 978; x_wconf 74' lang='lat' dir='ltr'>genus,</span> 
     </span>
     <span class='ocr_line' id='line_1_12' title="bbox 184 981 1585 1051; baseline -0.001 -19"><span class='ocrx_word' id='word_1_91' title='bbox 184 981 307 1049; x_wconf 76' lang='lat' dir='ltr'>quod</span> <span class='ocrx_word' id='word_1_92' title='bbox 327 981 398 1042; x_wconf 76' lang='lat' dir='ltr'>fit,</span> <span class='ocrx_word' id='word_1_93' title='bbox 431 994 484 1031; x_wconf 87' lang='lat' dir='ltr'>vt</span> <span class='ocrx_word' id='word_1_94' title='bbox 499 983 640 1032; x_wconf 85' lang='lat' dir='ltr'>homo</span> <span class='ocrx_word' id='word_1_95' title='bbox 661 985 823 1032; x_wconf 79' lang='lat' dir='ltr'>mixtus</span> <span class='ocrx_word' id='word_1_96' title='bbox 843 1003 870 1032; x_wconf 89' lang='lat' dir='ltr'>e</span> <span class='ocrx_word' id='word_1_97' title='bbox 889 1002 1083 1051; x_wconf 83' lang='lat' dir='ltr'>corpore</span> <span class='ocrx_word' id='word_1_98' title='bbox 1102 995 1149 1033; x_wconf 83' lang='lat' dir='ltr'>et</span> <span class='ocrx_word' id='word_1_99' title='bbox 1169 987 1330 1039; x_wconf 79' lang='lat' dir='ltr'>animo,</span> <span class='ocrx_word' id='word_1_100' title='bbox 1361 982 1423 1032; x_wconf 73' lang='lat' dir='ltr'>fic</span> <span class='ocrx_word' id='word_1_101' title='bbox 1441 984 1585 1049; x_wconf 87' lang='lat' dir='ltr'>ipsum</span> 
     </span>
     <span class='ocr_line' id='line_1_13' title="bbox 180 1047 1584 1119; baseline -0.002 -19"><span class='ocrx_word' id='word_1_102' title='bbox 180 1053 371 1100; x_wconf 77' lang='lat' dir='ltr'>mixtum</span> <span class='ocrx_word' id='word_1_103' title='bbox 402 1047 502 1099; x_wconf 67' lang='lat' dir='ltr'>astu</span> <span class='ocrx_word' id='word_1_104' title='bbox 528 1051 720 1117; x_wconf 82' lang='lat' dir='ltr'>duplici,</span> <span class='ocrx_word' id='word_1_105' title='bbox 773 1055 976 1119; x_wconf 87' lang='lat' dir='ltr'>corporis</span> <span class='ocrx_word' id='word_1_106' title='bbox 1040 1054 1203 1100; x_wconf 80' lang='lat' dir='ltr'>timum</span> <span class='ocrx_word' id='word_1_107' title='bbox 1233 1054 1278 1098; x_wconf 93' lang='lat' dir='ltr'>in</span> <span class='ocrx_word' id='word_1_108' title='bbox 1311 1051 1584 1117; x_wconf 77' lang='lat' dir='ltr'>accipiendo,</span> 
     </span>
     <span class='ocr_line' id='line_1_14' title="bbox 143 1071 1583 1182; baseline 0.001 -19"><span class='ocrx_word' id='word_1_109' title='bbox 143 1159 147 1163; x_wconf 87' lang='lat'><em>.</em></span> <span class='ocrx_word' id='word_1_110' title='bbox 183 1121 318 1167; x_wconf 83' lang='lat' dir='ltr'>animi</span> <span class='ocrx_word' id='word_1_111' title='bbox 341 1118 498 1166; x_wconf 87' lang='lat' dir='ltr'>deinde</span> <span class='ocrx_word' id='word_1_112' title='bbox 518 1121 564 1167; x_wconf 90' lang='lat' dir='ltr'>in</span> <span class='ocrx_word' id='word_1_113' title='bbox 592 1118 798 1168; x_wconf 87' lang='lat' dir='ltr'>fruendo.</span> <span class='ocrx_word' id='word_1_114' title='bbox 878 1121 944 1168; x_wconf 44' lang='lat' dir='ltr'>-ld</span> <span class='ocrx_word' id='word_1_115' title='bbox 963 1071 1112 1168; x_wconf 50' lang='lat' dir='ltr'>auzem</span> <span class='ocrx_word' id='word_1_116' title='bbox 1142 1123 1583 1182; x_wconf 79' lang='lat' dir='ltr'>genus&#39;Sacramento</span> 
     </span>
    </p>
   </div>
   <div class='ocr_carea' id='block_1_5' title="bbox 104 1186 1583 1254">
    <p class='ocr_par' dir='ltr' id='par_1_6' title="bbox 104 1186 1583 1254">
     <span class='ocr_line' id='line_1_15' title="bbox 104 1186 1583 1254; baseline -0.001 -19"><span class='ocrx_word' id='word_1_117' title='bbox 104 1191 110 1197; x_wconf 86' lang='lat'>&#39;</span> <span class='ocrx_word' id='word_1_118' title='bbox 178 1190 419 1254; x_wconf 83' lang='lat' dir='ltr'>proprium</span> <span class='ocrx_word' id='word_1_119' title='bbox 457 1187 667 1243; x_wconf 82' lang='lat' dir='ltr'>facimus,</span> <span class='ocrx_word' id='word_1_120' title='bbox 722 1189 853 1236; x_wconf 85' lang='lat' dir='ltr'>etiam</span> <span class='ocrx_word' id='word_1_121' title='bbox 886 1186 1122 1252; x_wconf 75' lang='lat' dir='ltr'>mysticum</span> <span class='ocrx_word' id='word_1_122' title='bbox 1150 1188 1426 1252; x_wconf 81' lang='lat' dir='ltr'><strong>appellemus</strong></span> <span class='ocrx_word' id='word_1_123' title='bbox 1467 1188 1583 1242; x_wconf 86' lang='lat' dir='ltr'>licet,</span> 
     </span>
    </p>
   </div>
   <div class='ocr_carea' id='block_1_6' title="bbox 172 1253 1583 2672">
    <p class='ocr_par' dir='ltr' id='par_1_7' title="bbox 177 1253 1583 1512">
     <span class='ocr_line' id='line_1_16' title="bbox 180 1253 1583 1322; baseline -0.002 -19"><span class='ocrx_word' id='word_1_124' title='bbox 180 1257 287 1322; x_wconf 82' lang='lat' dir='ltr'>quia</span> <span class='ocrx_word' id='word_1_125' title='bbox 306 1258 505 1318; x_wconf 88' lang='lat' dir='ltr'>primum</span> <span class='ocrx_word' id='word_1_126' title='bbox 531 1255 784 1317; x_wconf 87' lang='lat' dir='ltr'>religiosum</span> <span class='ocrx_word' id='word_1_127' title='bbox 803 1253 893 1312; x_wconf 84' lang='lat' dir='ltr'>est,</span> <span class='ocrx_word' id='word_1_128' title='bbox 935 1255 1117 1312; x_wconf 87' lang='lat' dir='ltr'>deinde,</span> <span class='ocrx_word' id='word_1_129' title='bbox 1157 1257 1259 1318; x_wconf 75' lang='lat' dir='ltr'>quia</span> <span class='ocrx_word' id='word_1_130' title='bbox 1287 1253 1410 1318; x_wconf 87' lang='lat' dir='ltr'>quod</span> <span class='ocrx_word' id='word_1_131' title='bbox 1438 1254 1583 1301; x_wconf 87' lang='lat' dir='ltr'><strong>editur</strong></span> 
     </span>
     <span class='ocr_line' id='line_1_17' title="bbox 177 1320 1580 1385; baseline -0.004 -12"><span class='ocrx_word' id='word_1_132' title='bbox 177 1341 230 1373; x_wconf 70' lang='lat' dir='ltr'>ac</span> <span class='ocrx_word' id='word_1_133' title='bbox 247 1321 410 1370; x_wconf 84' lang='lat' dir='ltr'>bibitur</span> <span class='ocrx_word' id='word_1_134' title='bbox 431 1339 520 1379; x_wconf 86' lang='lat' dir='ltr'>ore,</span> <span class='ocrx_word' id='word_1_135' title='bbox 542 1338 636 1370; x_wconf 91' lang='lat' dir='ltr'>non</span> <span class='ocrx_word' id='word_1_136' title='bbox 655 1325 844 1370; x_wconf 87' lang='lat' dir='ltr'>incurrit</span> <span class='ocrx_word' id='word_1_137' title='bbox 861 1326 909 1370; x_wconf 86' lang='lat' dir='ltr'>in</span> <span class='ocrx_word' id='word_1_138' title='bbox 931 1323 1100 1370; x_wconf 87' lang='lat' dir='ltr'>sensus:</span> <span class='ocrx_word' id='word_1_139' title='bbox 1136 1320 1244 1368; x_wconf 82' lang='lat' dir='ltr'>effet</span> <span class='ocrx_word' id='word_1_140' title='bbox 1264 1323 1381 1368; x_wconf 88' lang='lat' dir='ltr'>enim</span> <span class='ocrx_word' id='word_1_141' title='bbox 1402 1338 1453 1368; x_wconf 81' lang='lat' dir='ltr'>ea</span> <span class='ocrx_word' id='word_1_142' title='bbox 1470 1321 1580 1385; x_wconf 77' lang='lat' dir='ltr'>phy·</span> 
     </span>
     <span class='ocr_line' id='line_1_18' title="bbox 178 1386 1583 1455; baseline -0.002 -16"><span class='ocrx_word' id='word_1_143' title='bbox 178 1389 264 1440; x_wconf 81' lang='lat' dir='ltr'>fica</span> <span class='ocrx_word' id='word_1_144' title='bbox 286 1392 540 1454; x_wconf 86' lang='lat' dir='ltr'>perceptio:</span> <span class='ocrx_word' id='word_1_145' title='bbox 572 1389 644 1438; x_wconf 88' lang='lat' dir='ltr'>sed</span> <span class='ocrx_word' id='word_1_146' title='bbox 664 1389 751 1438; x_wconf 87' lang='lat' dir='ltr'>fide</span> <span class='ocrx_word' id='word_1_147' title='bbox 770 1390 923 1449; x_wconf 89' lang='lat' dir='ltr'>modo,</span> <span class='ocrx_word' id='word_1_148' title='bbox 960 1388 1105 1450; x_wconf 82' lang='lat' dir='ltr'>verbis</span> <span class='ocrx_word' id='word_1_149' title='bbox 1125 1399 1174 1436; x_wconf 89' lang='lat' dir='ltr'>et</span> <span class='ocrx_word' id='word_1_150' title='bbox 1190 1386 1412 1455; x_wconf 84' lang='lat' dir='ltr'>promiffis</span> <span class='ocrx_word' id='word_1_151' title='bbox 1425 1386 1583 1438; x_wconf 81' lang='lat' dir='ltr'>christi</span> 
     </span>
     <span class='ocr_line' id='line_1_19' title="bbox 177 1459 1183 1512; baseline -0.009 -3"><span class='ocrx_word' id='word_1_152' title='bbox 177 1459 387 1512; x_wconf 82' lang='lat' dir='ltr'>nitentis,</span> <span class='ocrx_word' id='word_1_153' title='bbox 416 1459 621 1505; x_wconf 85' lang='lat' dir='ltr'>cernitur.</span> <span class='ocrx_word' id='word_1_154' title='bbox 1181 1460 1183 1463; x_wconf 77' lang='grc'>’</span> 
     </span>
    </p>

    <p class='ocr_par' dir='ltr' id='par_1_8' title="bbox 172 1519 1582 2404">
     <span class='ocr_line' id='line_1_20' title="bbox 282 1519 1582 1587; baseline -0.004 -14"><span class='ocrx_word' id='word_1_155' title='bbox 282 1541 356 1582; x_wconf 80' lang='lat'>32.</span> <span class='ocrx_word' id='word_1_156' title='bbox 402 1531 462 1573; x_wconf 83' lang='lat' dir='ltr'>At</span> <span class='ocrx_word' id='word_1_157' title='bbox 481 1527 543 1571; x_wconf 87' lang='lat' dir='ltr'>ita</span> <span class='ocrx_word' id='word_1_158' title='bbox 571 1542 665 1573; x_wconf 91' lang='lat' dir='ltr'>non</span> <span class='ocrx_word' id='word_1_159' title='bbox 691 1524 875 1572; x_wconf 78' lang='lat' dir='ltr'>sumitur</span> <span class='ocrx_word' id='word_1_160' title='bbox 900 1542 1065 1587; x_wconf 83' lang='lat' dir='ltr'>corpus</span> <span class='ocrx_word' id='word_1_161' title='bbox 1094 1519 1251 1572; x_wconf 85' lang='lat' dir='ltr'>christi</span> <span class='ocrx_word' id='word_1_162' title='bbox 1282 1524 1472 1579; x_wconf 85' lang='lat' dir='ltr'>mortui,</span> <span class='ocrx_word' id='word_1_163' title='bbox 1509 1520 1582 1570; x_wconf 84' lang='lat' dir='ltr'>sed</span> 
     </span>
     <span class='ocr_line' id='line_1_21' title="bbox 176 1590 1581 1657; baseline -0.004 -16"><span class='ocrx_word' id='word_1_164' title='bbox 176 1594 271 1641; x_wconf 73' lang='lat' dir='ltr'>&#39;viui</span> <span class='ocrx_word' id='word_1_165' title='bbox 290 1604 337 1639; x_wconf 93' lang='lat' dir='ltr'>et</span> <span class='ocrx_word' id='word_1_166' title='bbox 357 1590 547 1657; x_wconf 74' lang='lat' dir='ltr'>gloriosi.</span> <span class='ocrx_word' id='word_1_167' title='bbox 596 1596 730 1640; x_wconf 89' lang='lat' dir='ltr'>Bene.</span> <span class='ocrx_word' id='word_1_168' title='bbox 786 1593 871 1640; x_wconf 90' lang='lat' dir='ltr'>Sed</span> <span class='ocrx_word' id='word_1_169' title='bbox 893 1592 1000 1656; x_wconf 90' lang='lat' dir='ltr'>quid</span> <span class='ocrx_word' id='word_1_170' title='bbox 1019 1591 1063 1639; x_wconf 92' lang='lat' dir='ltr'>id</span> <span class='ocrx_word' id='word_1_171' title='bbox 1083 1591 1137 1641; x_wconf 86' lang='lat' dir='ltr'>ad</span> <span class='ocrx_word' id='word_1_172' title='bbox 1158 1593 1287 1638; x_wconf 84' lang='lat' dir='ltr'>rem?</span> <span class='ocrx_word' id='word_1_173' title='bbox 1318 1592 1463 1637; x_wconf 86' lang='lat' dir='ltr'>Etiam</span> <span class='ocrx_word' id='word_1_174' title='bbox 1482 1599 1581 1637; x_wconf 88' lang='lat' dir='ltr'>tum</span> 
     </span>
     <span class='ocr_line' id='line_1_22' title="bbox 177 1655 1582 1725; baseline -0.003 -18"><span class='ocrx_word' id='word_1_175' title='bbox 177 1659 378 1715; x_wconf 85' lang='lat' dir='ltr'>viuebat‚</span> <span class='ocrx_word' id='word_1_176' title='bbox 422 1677 523 1707; x_wconf 89' lang='lat' dir='ltr'>cum</span> <span class='ocrx_word' id='word_1_177' title='bbox 547 1663 743 1725; x_wconf 88' lang='lat' dir='ltr'>primum</span> <span class='ocrx_word' id='word_1_178' title='bbox 769 1659 966 1723; x_wconf 91' lang='lat' dir='ltr'>discipuli</span> <span class='ocrx_word' id='word_1_179' title='bbox 986 1657 1174 1705; x_wconf 83' lang='lat' dir='ltr'>edebant</span> <span class='ocrx_word' id='word_1_180' title='bbox 1194 1675 1245 1705; x_wconf 82' lang='lat' dir='ltr'>ac</span> <span class='ocrx_word' id='word_1_181' title='bbox 1262 1655 1492 1715; x_wconf 82' lang='lat' dir='ltr'>bibebant,</span> <span class='ocrx_word' id='word_1_182' title='bbox 1535 1666 1582 1704; x_wconf 88' lang='lat' dir='ltr'>et</span> 
     </span>
     <span class='ocr_line' id='line_1_23' title="bbox 177 1725 1577 1793; baseline -0.004 -17"><span class='ocrx_word' id='word_1_183' title='bbox 177 1728 365 1776; x_wconf 85' lang='lat' dir='ltr'>dabatur</span> <span class='ocrx_word' id='word_1_184' title='bbox 385 1744 547 1793; x_wconf 89' lang='lat' dir='ltr'>corpus</span> <span class='ocrx_word' id='word_1_185' title='bbox 571 1729 772 1776; x_wconf 88' lang='lat' dir='ltr'>morituri</span> <span class='ocrx_word' id='word_1_186' title='bbox 792 1726 903 1792; x_wconf 89' lang='lat' dir='ltr'>post,</span> <span class='ocrx_word' id='word_1_187' title='bbox 922 1738 969 1773; x_wconf 90' lang='lat' dir='ltr'>vt</span> <span class='ocrx_word' id='word_1_188' title='bbox 991 1743 1113 1773; x_wconf 90' lang='lat' dir='ltr'>nunc</span> <span class='ocrx_word' id='word_1_189' title='bbox 1133 1725 1260 1772; x_wconf 86' lang='lat' dir='ltr'>datur</span> <span class='ocrx_word' id='word_1_190' title='bbox 1278 1735 1378 1772; x_wconf 84' lang='lat' dir='ltr'>ante</span> <span class='ocrx_word' id='word_1_191' title='bbox 1398 1726 1577 1772; x_wconf 88' lang='lat' dir='ltr'>mortui.</span> 
     </span>
     <span class='ocr_line' id='line_1_24' title="bbox 175 1794 1579 1859; baseline -0.003 -16"><span class='ocrx_word' id='word_1_192' title='bbox 175 1795 311 1844; x_wconf 89' lang='lat' dir='ltr'>Nihil</span> <span class='ocrx_word' id='word_1_193' title='bbox 338 1795 412 1842; x_wconf 88' lang='lat' dir='ltr'>hic</span> <span class='ocrx_word' id='word_1_194' title='bbox 437 1805 616 1859; x_wconf 86' lang='lat' dir='ltr'>tempus</span> <span class='ocrx_word' id='word_1_195' title='bbox 647 1806 804 1842; x_wconf 86' lang='lat' dir='ltr'>mutat.</span> <span class='ocrx_word' id='word_1_196' title='bbox 902 1797 1048 1841; x_wconf 87' lang='lat' dir='ltr'>Etiam</span> <span class='ocrx_word' id='word_1_197' title='bbox 1078 1795 1350 1855; x_wconf 82' lang='lat' dir='ltr'>Zwingliani</span> <span class='ocrx_word' id='word_1_198' title='bbox 1378 1794 1462 1839; x_wconf 78' lang='lat' dir='ltr'>iam</span> <span class='ocrx_word' id='word_1_199' title='bbox 1496 1809 1579 1857; x_wconf 86' lang='lat' dir='ltr'>per</span> 
     </span>
     <span class='ocr_line' id='line_1_25' title="bbox 175 1859 1578 1926; baseline -0.005 -13"><span class='ocrx_word' id='word_1_200' title='bbox 175 1862 333 1918; x_wconf 79' lang='lat' dir='ltr'><strong>fidem,</strong></span> <span class='ocrx_word' id='word_1_201' title='bbox 366 1872 414 1909; x_wconf 87' lang='lat' dir='ltr'>vt</span> <span class='ocrx_word' id='word_1_202' title='bbox 435 1862 617 1919; x_wconf 87' lang='lat' dir='ltr'>volunt,</span> <span class='ocrx_word' id='word_1_203' title='bbox 659 1863 898 1910; x_wconf 83' lang='lat' dir='ltr'>vescuntur</span> <span class='ocrx_word' id='word_1_204' title='bbox 919 1879 1110 1926; x_wconf 84' lang='lat' dir='ltr'>corpore</span> <span class='ocrx_word' id='word_1_205' title='bbox 1130 1859 1287 1908; x_wconf 83' lang='lat' dir='ltr'>Christi</span> <span class='ocrx_word' id='word_1_206' title='bbox 1305 1861 1395 1906; x_wconf 87' lang='lat' dir='ltr'>viui</span> <span class='ocrx_word' id='word_1_207' title='bbox 1414 1871 1462 1906; x_wconf 89' lang='lat' dir='ltr'>et</span> <span class='ocrx_word' id='word_1_208' title='bbox 1482 1860 1578 1920; x_wconf 77' lang='lat' dir='ltr'>glo-</span> 
     </span>
     <span class='ocr_line' id='line_1_26' title="bbox 176 1927 1578 1996; baseline -0.005 -17"><span class='ocrx_word' id='word_1_209' title='bbox 176 1929 303 1987; x_wconf 82' lang='lat' dir='ltr'>riofi,</span> <span class='ocrx_word' id='word_1_210' title='bbox 324 1929 398 1977; x_wconf 90' lang='lat' dir='ltr'>sed</span> <span class='ocrx_word' id='word_1_211' title='bbox 419 1932 493 1996; x_wconf 90' lang='lat' dir='ltr'>qui</span> <span class='ocrx_word' id='word_1_212' title='bbox 516 1931 623 1978; x_wconf 89' lang='lat' dir='ltr'>olim</span> <span class='ocrx_word' id='word_1_213' title='bbox 645 1943 846 1978; x_wconf 87' lang='lat' dir='ltr'>mortuus</span> <span class='ocrx_word' id='word_1_214' title='bbox 870 1930 969 1986; x_wconf 90' lang='lat' dir='ltr'>fuit,</span> <span class='ocrx_word' id='word_1_215' title='bbox 992 1934 1076 1975; x_wconf 75' lang='lat' dir='ltr'>ne‘c</span> <span class='ocrx_word' id='word_1_216' title='bbox 1095 1945 1150 1974; x_wconf 92' lang='lat' dir='ltr'>eo</span> <span class='ocrx_word' id='word_1_217' title='bbox 1173 1932 1437 1975; x_wconf 78' lang='lat' dir='ltr'>auertuntur</span> <span class='ocrx_word' id='word_1_218' title='bbox 1459 1927 1578 1988; x_wconf 86' lang='lat' dir='ltr'>cogi·</span> 
     </span>
     <span class='ocr_line' id='line_1_27' title="bbox 175 1994 1576 2060; baseline -0.006 -12"><span class='ocrx_word' id='word_1_219' title='bbox 175 2001 366 2048; x_wconf 79' lang='lat' dir='ltr'>tationes</span> <span class='ocrx_word' id='word_1_220' title='bbox 387 2015 411 2044; x_wconf 86' lang='lat' dir='ltr'>a</span> <span class='ocrx_word' id='word_1_221' title='bbox 431 2009 577 2045; x_wconf 87' lang='lat' dir='ltr'>morte</span> <span class='ocrx_word' id='word_1_222' title='bbox 599 1996 764 2045; x_wconf 82' lang='lat' dir='ltr'>Christi.</span> <span class='ocrx_word' id='word_1_223' title='bbox 831 2000 875 2045; x_wconf 91' lang='lat' dir='ltr'>Si</span> <span class='ocrx_word' id='word_1_224' title='bbox 896 1996 1129 2044; x_wconf 87' lang='lat' dir='ltr'>absurdum</span> <span class='ocrx_word' id='word_1_225' title='bbox 1148 1995 1230 2051; x_wconf 88' lang='lat' dir='ltr'>est,</span> <span class='ocrx_word' id='word_1_226' title='bbox 1265 1996 1447 2060; x_wconf 79' lang='lat' dir='ltr'>proprie</span> <span class='ocrx_word' id='word_1_227' title='bbox 1465 1994 1576 2042; x_wconf 85' lang='lat' dir='ltr'>sumi</span> 
     </span>
     <span class='ocr_line' id='line_1_28' title="bbox 175 2060 1576 2132; baseline -0.006 -17"><span class='ocrx_word' id='word_1_228' title='bbox 175 2083 339 2132; x_wconf 81' lang='lat' dir='ltr'>eorpus</span> <span class='ocrx_word' id='word_1_229' title='bbox 363 2063 519 2113; x_wconf 86' lang='lat' dir='ltr'>Christi</span> <span class='ocrx_word' id='word_1_230' title='bbox 537 2068 645 2123; x_wconf 89' lang='lat' dir='ltr'>viui,</span> <span class='ocrx_word' id='word_1_231' title='bbox 682 2067 783 2131; x_wconf 85' lang='lat' dir='ltr'>quia</span> <span class='ocrx_word' id='word_1_232' title='bbox 806 2083 896 2112; x_wconf 90' lang='lat' dir='ltr'>non</span> <span class='ocrx_word' id='word_1_233' title='bbox 917 2069 1088 2120; x_wconf 88' lang='lat' dir='ltr'>viuum,</span> <span class='ocrx_word' id='word_1_234' title='bbox 1126 2063 1198 2110; x_wconf 78' lang='lat' dir='ltr'>sed</span> <span class='ocrx_word' id='word_1_235' title='bbox 1216 2060 1447 2110; x_wconf 82' lang='lat' dir='ltr'>mortuum</span> <span class='ocrx_word' id='word_1_236' title='bbox 1479 2077 1576 2109; x_wconf 86' lang='lat' dir='ltr'>cor-</span> 
     </span>
     <span class='ocr_line' id='line_1_29' title="bbox 173 2128 1575 2202; baseline -0.006 -21"><span class='ocrx_word' id='word_1_237' title='bbox 173 2151 262 2202; x_wconf 82' lang='lat' dir='ltr'>pus</span> <span class='ocrx_word' id='word_1_238' title='bbox 288 2135 478 2198; x_wconf 86' lang='lat' dir='ltr'>expiauit</span> <span class='ocrx_word' id='word_1_239' title='bbox 509 2143 712 2199; x_wconf 84' lang='lat' dir='ltr'>peccata,</span> <span class='ocrx_word' id='word_1_240' title='bbox 758 2136 893 2180; x_wconf 86' lang='lat' dir='ltr'>etiam</span> <span class='ocrx_word' id='word_1_241' title='bbox 914 2132 1147 2180; x_wconf 85' lang='lat' dir='ltr'>absurdum</span> <span class='ocrx_word' id='word_1_242' title='bbox 1169 2128 1250 2187; x_wconf 88' lang='lat' dir='ltr'>est,</span> <span class='ocrx_word' id='word_1_243' title='bbox 1298 2145 1465 2193; x_wconf 86' lang='lat' dir='ltr'>corpus</span> <span class='ocrx_word' id='word_1_244' title='bbox 1487 2129 1575 2175; x_wconf 82' lang='lat' dir='ltr'>viui</span> 
     </span>
     <span class='ocr_line' id='line_1_30' title="bbox 173 2194 1572 2263; baseline -0.006 -12"><span class='ocrx_word' id='word_1_245' title='bbox 173 2205 262 2251; x_wconf 86' lang='lat' dir='ltr'>iam</span> <span class='ocrx_word' id='word_1_246' title='bbox 294 2199 450 2249; x_wconf 79' lang='lat' dir='ltr'>Christi</span> <span class='ocrx_word' id='word_1_247' title='bbox 481 2203 755 2263; x_wconf 83' lang='lat' dir='ltr'>cogitatione</span> <span class='ocrx_word' id='word_1_248' title='bbox 786 2201 917 2255; x_wconf 82' lang='lat' dir='ltr'>sumi,</span> <span class='ocrx_word' id='word_1_249' title='bbox 971 2212 1017 2247; x_wconf 82' lang='lat' dir='ltr'>et</span> <span class='ocrx_word' id='word_1_250' title='bbox 1052 2201 1238 2247; x_wconf 88' lang='lat' dir='ltr'>omnino</span> <span class='ocrx_word' id='word_1_251' title='bbox 1267 2194 1572 2244; x_wconf 80' lang='lat' dir='ltr'>abstinendum</span> 
     </span>
     <span class='ocr_line' id='line_1_31' title="bbox 175 2263 1572 2326; baseline -0.007 -9"><span class='ocrx_word' id='word_1_252' title='bbox 175 2272 261 2317; x_wconf 87' lang='lat' dir='ltr'>erit</span> <span class='ocrx_word' id='word_1_253' title='bbox 276 2269 331 2317; x_wconf 81' lang='lat' dir='ltr'>ab</span> <span class='ocrx_word' id='word_1_254' title='bbox 355 2272 506 2316; x_wconf 87' lang='lat' dir='ltr'>Coena</span> <span class='ocrx_word' id='word_1_255' title='bbox 525 2270 661 2326; x_wconf 81' lang='lat' dir='ltr'>sacra,</span> <span class='ocrx_word' id='word_1_256' title='bbox 703 2268 735 2317; x_wconf 85' lang='lat' dir='ltr'><strong>fi</strong></span> <span class='ocrx_word' id='word_1_257' title='bbox 757 2271 927 2315; x_wconf 87' lang='lat' dir='ltr'>mortui</span> <span class='ocrx_word' id='word_1_258' title='bbox 955 2279 1130 2316; x_wconf 86' lang='lat' dir='ltr'>tanturn</span> <span class='ocrx_word' id='word_1_259' title='bbox 1152 2278 1228 2314; x_wconf 84' lang='lat' dir='ltr'>aut</span> <span class='ocrx_word' id='word_1_260' title='bbox 1256 2263 1458 2311; x_wconf 84' lang='lat' dir='ltr'>morituri</span> <span class='ocrx_word' id='word_1_261' title='bbox 1477 2277 1572 2309; x_wconf 88' lang='lat' dir='ltr'>cor-</span> 
     </span>
     <span class='ocr_line' id='line_1_32' title="bbox 172 2334 1259 2404; baseline -0.006 -18"><span class='ocrx_word' id='word_1_262' title='bbox 172 2355 261 2404; x_wconf 83' lang='lat' dir='ltr'>pus</span> <span class='ocrx_word' id='word_1_263' title='bbox 281 2334 543 2385; x_wconf 89' lang='lat' dir='ltr'>sumendum</span> <span class='ocrx_word' id='word_1_264' title='bbox 565 2334 638 2383; x_wconf 88' lang='lat' dir='ltr'>est.</span> <span class='ocrx_word' id='word_1_265' title='bbox 1250 2362 1259 2367; x_wconf 26' lang='grc' dir='ltr'>κ</span> 
     </span>
    </p>

    <p class='ocr_par' dir='ltr' id='par_1_9' title="bbox 174 2397 1571 2672">
     <span class='ocr_line' id='line_1_33' title="bbox 281 2397 1570 2470; baseline -0.009 -17"><span class='ocrx_word' id='word_1_266' title='bbox 281 2420 356 2464; x_wconf 82' lang='lat'>33-</span> <span class='ocrx_word' id='word_1_267' title='bbox 399 2405 472 2452; x_wconf 82' lang='lat' dir='ltr'><strong>Illa</strong></span> <span class='ocrx_word' id='word_1_268' title='bbox 492 2422 631 2470; x_wconf 89' lang='lat' dir='ltr'>porro</span> <span class='ocrx_word' id='word_1_269' title='bbox 654 2404 710 2451; x_wconf 81' lang='lat' dir='ltr'>de</span> <span class='ocrx_word' id='word_1_270' title='bbox 728 2402 849 2451; x_wconf 88' lang='lat' dir='ltr'>sensu</span> <span class='ocrx_word' id='word_1_271' title='bbox 869 2401 1110 2450; x_wconf 87' lang='lat' dir='ltr'>verborum</span> <span class='ocrx_word' id='word_1_272' title='bbox 1134 2397 1290 2449; x_wconf 84' lang='lat' dir='ltr'>Christi</span> <span class='ocrx_word' id='word_1_273' title='bbox 1316 2414 1395 2453; x_wconf 84' lang='lat' dir='ltr'>eo,</span> <span class='ocrx_word' id='word_1_274' title='bbox 1433 2413 1570 2461; x_wconf 82' lang='lat' dir='ltr'>quem</span> 
     </span>
     <span class='ocr_line' id='line_1_34' title="bbox 174 2468 1571 2537; baseline -0.006 -18"><span class='ocrx_word' id='word_1_275' title='bbox 174 2487 260 2519; x_wconf 83' lang='lat' dir='ltr'>nos</span> <span class='ocrx_word' id='word_1_276' title='bbox 281 2471 486 2528; x_wconf 85' lang='lat' dir='ltr'>facimus,</span> <span class='ocrx_word' id='word_1_277' title='bbox 518 2471 758 2530; x_wconf 84' lang='lat' dir='ltr'>dubitatio,</span> <span class='ocrx_word' id='word_1_278' title='bbox 779 2471 900 2537; x_wconf 88' lang='lat' dir='ltr'>quod</span> <span class='ocrx_word' id='word_1_279' title='bbox 922 2473 976 2517; x_wconf 89' lang='lat' dir='ltr'>de</span> <span class='ocrx_word' id='word_1_280' title='bbox 997 2488 1052 2518; x_wconf 91' lang='lat' dir='ltr'>eo</span> <span class='ocrx_word' id='word_1_281' title='bbox 1073 2468 1288 2533; x_wconf 86' lang='lat' dir='ltr'>discipulis</span> <span class='ocrx_word' id='word_1_282' title='bbox 1307 2468 1351 2511; x_wconf 88' lang='lat' dir='ltr'>in</span> <span class='ocrx_word' id='word_1_283' title='bbox 1372 2475 1571 2510; x_wconf 88' lang='lat' dir='ltr'>mentem</span> 
     </span>
     <span class='ocr_line' id='line_1_35' title="bbox 174 2533 1568 2602; baseline -0.009 -15"><span class='ocrx_word' id='word_1_284' title='bbox 174 2540 327 2587; x_wconf 84' lang='lat' dir='ltr'>venire</span> <span class='ocrx_word' id='word_1_285' title='bbox 357 2556 448 2586; x_wconf 91' lang='lat' dir='ltr'>non</span> <span class='ocrx_word' id='word_1_286' title='bbox 480 2543 703 2602; x_wconf 89' lang='lat' dir='ltr'>potuerit,</span> <span class='ocrx_word' id='word_1_287' title='bbox 754 2557 857 2588; x_wconf 88' lang='lat' dir='ltr'>cum</span> <span class='ocrx_word' id='word_1_288' title='bbox 886 2539 1021 2587; x_wconf 81' lang='lat' dir='ltr'>facilis</span> <span class='ocrx_word' id='word_1_289' title='bbox 1049 2537 1155 2585; x_wconf 82' lang='lat' dir='ltr'>elset</span> <span class='ocrx_word' id='word_1_290' title='bbox 1182 2534 1325 2582; x_wconf 85' lang='lat' dir='ltr'>sensus</span> <span class='ocrx_word' id='word_1_291' title='bbox 1359 2533 1568 2596; x_wconf 84' lang='lat' dir='ltr'>tropicus,</span> 
     </span>
     <span class='ocr_line' id='line_1_36' title="bbox 175 2598 1568 2672; baseline -0.006 -19"><span class='ocrx_word' id='word_1_292' title='bbox 175 2606 301 2670; x_wconf 81' lang='lat' dir='ltr'>supra</span> <span class='ocrx_word' id='word_1_293' title='bbox 321 2607 408 2652; x_wconf 84' lang='lat' dir='ltr'>iam</span> <span class='ocrx_word' id='word_1_294' title='bbox 431 2605 632 2654; x_wconf 82' lang='lat' dir='ltr'>diffoluta</span> <span class='ocrx_word' id='word_1_295' title='bbox 652 2606 731 2663; x_wconf 88' lang='lat' dir='ltr'>est,</span> <span class='ocrx_word' id='word_1_296' title='bbox 768 2620 815 2655; x_wconf 91' lang='lat' dir='ltr'>vt</span> <span class='ocrx_word' id='word_1_297' title='bbox 841 2609 1081 2672; x_wconf 79' lang='lat' dir='ltr'>speramus,</span> <span class='ocrx_word' id='word_1_298' title='bbox 1112 2621 1193 2671; x_wconf 90' lang='lat' dir='ltr'>per</span> <span class='ocrx_word' id='word_1_299' title='bbox 1213 2619 1288 2658; x_wconf 84' lang='lat' dir='ltr'>ea,</span> <span class='ocrx_word' id='word_1_300' title='bbox 1329 2617 1442 2663; x_wconf 86' lang='lat' dir='ltr'>quae</span> <span class='ocrx_word' id='word_1_301' title='bbox 1463 2598 1500 2661; x_wconf 83' lang='lat'>§.</span> <span class='ocrx_word' id='word_1_302' title='bbox 1526 2605 1568 2651; x_wconf 83' lang='lat'>8.</span> 
     </span>
    </p>
   </div>
   <div class='ocr_carea' id='block_1_7' title="bbox 176 2666 1567 2798">
    <p class='ocr_par' dir='ltr' id='par_1_10' title="bbox 176 2666 1567 2798">
     <span class='ocr_line' id='line_1_37' title="bbox 176 2666 1567 2744; baseline -0.009 -23"><span class='ocrx_word' id='word_1_303' title='bbox 176 2673 392 2740; x_wconf 77' lang='lat' dir='ltr'>disputata</span> <span class='ocrx_word' id='word_1_304' title='bbox 414 2672 523 2720; x_wconf 84' lang='lat' dir='ltr'>sunt.</span> <span class='ocrx_word' id='word_1_305' title='bbox 599 2678 701 2722; x_wconf 87' lang='lat' dir='ltr'>Nec</span> <span class='ocrx_word' id='word_1_306' title='bbox 722 2674 782 2723; x_wconf 90' lang='lat' dir='ltr'>est</span> <span class='ocrx_word' id='word_1_307' title='bbox 803 2675 1097 2741; x_wconf 79' lang='lat' dir='ltr'>consequens,</span> <span class='ocrx_word' id='word_1_308' title='bbox 1138 2669 1169 2718; x_wconf 87' lang='lat' dir='ltr'>fi</span> <span class='ocrx_word' id='word_1_309' title='bbox 1189 2672 1307 2735; x_wconf 72' lang='lat' dir='ltr'>quiS,</span> <span class='ocrx_word' id='word_1_310' title='bbox 1345 2668 1484 2744; x_wconf 41' lang='lat' dir='ltr'>toti-us</span> <span class='ocrx_word' id='word_1_311' title='bbox 1505 2666 1567 2710; x_wconf 85' lang='lat' dir='ltr'>rei</span> 
     </span>
     <span class='ocr_line' id='line_1_38' title="bbox 1426 2749 1563 2798; baseline -0.007 -18"><span class='ocrx_word' id='word_1_312' title='bbox 1426 2749 1563 2798; x_wconf 73' lang='lat' dir='ltr'>impe-</span> 
     </span>
    </p>
   </div>
  </div>
 </body>
</html>
