1650 3060
722 409 804 448 DE

434 498 1088 547 EMENDATIONE

179 619 226 679 s
309 617 360 679 c
446 595 654 677 H²O
740 620 789 678 L
876 619 930 677 A
1014 618 1070 677 R
1156 617 1215 679 V
1304 617 1368 677 M

714 742 831 782 PER

484 833 1060 883 LVTHERVM

149 1140 262 1190 nstat
289 1140 382 1190 dies
411 1140 544 1191 festus
582 1142 739 1203 nobis,
781 1144 910 1194 Ciues
935 1146 1086 1207 optimi
1112 1153 1239 1207 atque
1265 1143 1471 1205 cariffimi,

181 1221 368 1275 coeptae
387 1213 435 1258 in
454 1211 525 1258 his
543 1215 671 1260 terris
696 1212 917 1260 sacrorum
946 1211 1288 1268 emendationis,
1319 1214 1472 1258 et-Lu·

67 1279 200 1331 theri,
216 1280 296 1326 viri
318 1278 471 1336 diuini,
489 1283 718 1328 memoria.
787 1283 896 1328 Eam
917 1291 965 1327 vt
986 1297 1070 1345 pro
1090 1278 1307 1340 dignitate
1329 1288 1376 1325 et
1394 1278 1475 1325 be·

68 1344 215 1394 neficii
230 1344 387 1403 diuini,
422 1364 474 1396 ea
491 1363 541 1394 re
561 1346 690 1396 nobis
709 1348 878 1404 tributi,
912 1360 960 1395 et
980 1347 1182 1403 Lutheri‚
1217 1349 1345 1394 cuius
1365 1361 1475 1410 ope·

67 1429 117 1459 ra
133 1415 183 1459 in
201 1414 291 1461 hoc
307 1413 527 1462 beneficio
549 1415 678 1469 nobis
694 1415 890 1480 parando
911 1415 1008 1463 vsus
1030 1413 1093 1462 est
1111 1419 1249 1472 DeuS,
1279 1412 1473 1461 celebre·

70 1496 196 1537 mus,
237 1480 488 1528 faciendum
517 1480 598 1538 est,
651 1494 701 1530 vt
722 1485 817 1531 eius
845 1485 891 1530 in
919 1482 1142 1531 ecclesiam
1174 1494 1311 1547 atque
1337 1483 1474 1529 etiam

69 1546 393 1613 rempublicam
412 1550 579 1606 merita,
599 1566 846 1614 eorumque
865 1549 1218 1612 magnitudinem
1238 1548 1475 1610 cognose·-

69 1632 186 1674 πως,
215 1616 474 1680 praesertim
494 1634 554 1673 ea,
589 1635 703 1683 quae
722 1618 891 1667 habent
910 1635 1015 1666 cum
1035 1619 1119 1666 illis
1138 1616 1267 1665 bonis
1287 1619 1476 1664 coniun-

69 1681 282 1732 stionem.
347 1687 402 1731 In
434 1684 600 1734 horum
628 1696 777 1733 autem
809 1703 1001 1734 numero
1026 1687 1117 1734 hoc
1146 1687 1282 1735 etiam
1299 1701 1476 1750 ponen-

71 1750 179 1799 dum
205 1750 279 1805 est,
310 1750 433 1815 quod
461 1769 518 1800 eo
548 1748 728 1800 austere
755 1753 932 1803 scholae
958 1754 1061 1802 sunt
1080 1771 1163 1819 per
1181 1769 1340 1800 omnes
1362 1754 1477 1800 Ger·

71 1819 243 1866 maniae
260 1817 388 1866 vrbes
405 1817 639 1877 institutae,
673 1822 719 1868 in
739 1820 897 1886 quibus
917 1824 1132 1870 iuuentus
1153 1831 1200 1868 et
1226 1819 1281 1868 ad
1299 1820 1476 1881 religio·

71 1887 143 1933 nis
178 1900 309 1931 verae
337 1887 662 1945 cognitionem,
696 1899 744 1934 et
777 1887 830 1936 ad
857 1892 1015 1938 artium
1047 1888 1312 1943 liberalium,
1341 1890 1478 1952 inpri-

73 1953 252 2016 misque
276 1952 531 2013 linguarum
560 1966 783 2012 veterum,
814 1956 987 2012 latinae,
1019 1973 1202 2019 graecae
1229 1968 1277 2003 et
1305 1955 1477 2003 hebrai·

76 2035 154 2066 me
188 2019 414 2066 scientiam
442 2032 691 2068 accuratam
722 2038 803 2086 per
828 2021 1017 2071 idoneos
1037 2021 1265 2085 magistros
1287 2021 1479 2069 adduce·

74 2097 224 2143 retur,
253 2086 411 2151 scripta
435 2086 488 2133 ad
518 2085 792 2147 magistratus
821 2089 997 2138 vrbicos
1025 2091 1255 2139 luculenta
1285 2087 1478 2154 epistola,

74 2171 164 2218 qua
192 2155 287 2201 eius
315 2156 378 2201 rei
408 2154 703 2204 neceffitatem
734 2168 784 2204 et
812 2159 1045 2206 vtilitatem
1069 2154 1404 2213 demonstraret,
1431 2170 1479 2206 et

74 2221 314 2284 opiniones
344 2222 567 2271 refelleret
593 2239 766 2281 eorum,
796 2227 874 2287 qui
904 2227 1158 2286 linguarum
1188 2227 1361 2273 illarum
1386 2222 1481 2272 stu-

77 2286 203 2336 dium
222 2299 581 2337 contemnerent.
650 2293 832 2338 Etenim
852 2304 980 2340 erant
1009 2304 1109 2340 tum
1128 2294 1270 2347 multi,
1301 2294 1348 2340 in
1367 2309 1481 2357 quo·

73 2372 180 2404 rum
208 2373 288 2406 ore
318 2354 457 2403 effent
483 2357 719 2413 sermones,
755 2360 905 2423 quales
926 2359 1062 2407 hodie
1082 2362 1209 2426 saepe
1226 2377 1333 2409 cum
1351 2359 1480 2408 dolo-

77 2440 130 2472 re
146 2423 371 2471 audimus:
398 2423 522 2480 Quid
540 2441 656 2489 opus
677 2424 739 2474 est
758 2427 1012 2489 linguarum
1033 2426 1176 2475 ΜΟ
1195 2445 1246 2474 ac
1266 2427 1445 2477 scientia
1457 2430 1481 2472 ἱ)

37 2540 41 2545 ,
77 2507 151 2539 res
170 2507 388 2546 curemus,
422 2508 516 2538 non
541 2490 694 2540 verba:
722 2511 794 2541 res
825 2511 851 2540 e
878 2493 999 2543 libris
1024 2497 1314 2555 Germanicis,
1344 2494 1480 2561 ipfius

19 2558 46 2612 J,
78 2558 304 2619 religionis
335 2559 514 2606 scientia
541 2576 566 2605 e
595 2559 795 2608 veriione
819 2561 1038 2612 librorum
1063 2565 1287 2611 sacrorum
1308 2581 1481 2626 germa-

81 2626 182 2675 nica
200 2624 306 2676 disci
326 2638 372 2675 et
389 2628 641 2690 germanice
668 2626 821 2679 doceri
835 2627 1030 2698 possunt.
1096 2635 1199 2683 Hos
1220 2632 1297 2681 ille
1319 2633 1484 2681 sermo·

1398 2714 1483 2749 nes
