1682 3068
205 177 303 230 458
339 184 624 214 NARRATIO
658 184 883 214 cnxrch
918 183 982 215 ΒΕ
1013 186 1537 219 INTERPRETATIONB

205 296 350 340 dorum
386 290 724 355 Theodorumque
752 290 888 346 fuere,
918 289 994 340 sed
1023 293 1156 339 etiam
1190 292 1478 356 superiorum,
1507 303 1607 341 tum

207 370 253 405 et
278 369 546 411 ceterorum,
574 363 647 422 qui
673 360 882 423 proximis
898 375 920 405 a
938 358 1152 406 sacrorum
1174 369 1219 406 et
1237 360 1468 409 literarum
1489 358 1607 407 resti-

206 428 385 473 tutione
416 425 695 490 temporibus
722 426 859 481 fuere,
886 425 948 472 de
978 429 1227 492 prophetia,
1258 438 1303 474 et
1323 429 1460 475 modo
1479 444 1607 491 repe-

202 495 346 542 riendi
376 494 542 551 sensus,
576 505 622 540 et
648 493 786 559 ipsum
817 495 1032 558 cuiusque
1062 495 1246 542 modum
1277 494 1604 558 interpretandi,

205 561 466 609 testimoniis
486 563 786 626 exemplisque
806 562 1099 626 proferendis,
1135 562 1604 619 commemorabimus,

204 642 263 686 vt,
283 647 335 676 ex
353 646 446 693 quo
470 632 654 695 quisque
675 646 838 690 genere
858 629 1001 684 fuerit,
1023 631 1208 692 intelligi
1232 629 1372 695 posiit.

229 703 231 705 ’
301 705 369 744 Ac
388 698 669 762 prophetiam
691 697 873 762 quidem
891 699 1151 754 vniuersam,
1180 698 1392 746 consensu
1413 695 1607 752 tradunt,

203 765 339 830 ipsam
369 764 453 811 esse
474 763 700 812 obscuram
723 775 768 812 et
785 765 838 812 ad
858 765 1198 827 intelligendum
1219 763 1459 822 difficilem,
1483 767 1607 829 quip-

202 850 264 899 pe
291 834 423 880 etiam
451 827 668 898 parab'olis
698 843 745 879 et
773 833 988 894 allegoriis
1015 834 1288 890 inuolutam3
1326 834 1460 897 idque
1489 833 1607 897 ipsos

202 901 451 966 prophetas
481 900 704 947 interdum
735 900 874 954 fateri,
908 912 957 947 vt
975 901 1109 948 habet
1130 905 1327 951 Irenaeus
1344 904 1407 957 II,
1429 917 1503 949 22-
1526 896 1611 954 JV,

205 973 290 1018 26-
310 968 427 1015 vnde
467 984 563 1015 eam
591 967 848 1030 ἀντιλογίαν
875 966 961 1014 effe
989 967 1264 1024 hominibus,
1295 967 1535 1015 altercandi
1556 983 1609 1014 ae

202 1035 451 1100 disputandi
468 1039 711 1082 materiam.
781 1040 836 1082 In
854 1052 986 1099 quam
1006 1045 1180 1100 partem
1199 1038 1284 1082 l'ate
1303 1036 1496 1100 disputat
1517 1036 1609 1082 Cle·

203 1122 316 1152 mens
346 1106 501 1151 Strom.
528 1101 604 1150 VI.
628 1120 670 1167 p.
693 1107 802 1164 677.
838 1113 889 1148 vt
913 1103 1019 1149 alios
1053 1104 1218 1150 multos
1237 1105 1492 1150 mittamus:
1523 1118 1607 1148 nec

200 1173 406 1220 omnium
438 1168 550 1218 dian
579 1186 932 1217 commemorare
957 1171 1138 1218 attinet:
1180 1188 1328 1236 neque
1356 1171 1473 1218 enim
1500 1187 1605 1234 pro·

199 1241 370 1288 fuerint
400 1238 452 1285 ad
491 1238 626 1304 ipsam
669 1237 989 1301 interpretandi
1027 1240 1268 1285 rationem=
1319 1230 1488 1302 quippe
1523 1253 1607 1284 nec

203 1304 368 1355 caussas
404 1305 526 1353 illius
563 1306 656 1353 satis
687 1307 929 1370 explicant,
968 1322 1051 1351 nee
1090 1306 1375 1370 suppeditant
1400 1306 1607 1371 plerique

203 1374 333 1430 aliud,
362 1373 486 1437 quod
513 1375 553 1420 ei
583 1372 844 1438 dissipandae
874 1390 924 1419 ac
953 1372 1196 1422 demendae
1223 1371 1386 1439 profit,
1419 1382 1629 1438 {praeter-

203 1453 446 1498 euentum,
495 1459 588 1505 quo
626 1459 810 1488 omnem
853 1440 1165 1488 obscuritatem
1196 1441 1406 1488 sublatam
1436 1440 1605 1487 dicunt.

203 1514 349 1558 Etiam
374 1508 495 1573 quod
526 1509 846 1574 Chrysbstomus
873 1511 917 1555 in
949 1526 1045 1555 eam
1076 1525 1170 1556 rem
1189 1509 1335 1563 habet,
1365 1525 1459 1555 non
1489 1508 1607 1554 mul-

203 1591 303 1626 tum
336 1578 578 1641 profuerit:
617 1576 686 1622 sed
705 1575 748 1623 id
775 1576 1017 1641 explicandi
1039 1575 1175 1623 cauffa
1194 1593 1430 1642 ponemus,
1465 1585 1511 1622 et
1529 1575 1604 1622 hn-

203 1647 312 1694 bere
339 1647 474 1692 etiam
501 1646 627 1692 aliam
658 1645 891 1691 vtilitatem
919 1642 1076 1708 potest.
1145 1648 1196 1691 ln
1217 1646 1375 1692 Comm.
1397 1645 1536 1703 igitur
1556 1643 1605 1689 in

202 1716 362 1778 Pfizlm.
384 1732 432 1775 p.
454 1727 563 1774 325.
592 1713 752 1759 Matth.
773 1713 911 1764 XXI,
929 1728 1007 1771 42.
1037 1712 1194 1773 inquit,
1222 1709 1267 1766 si,
1301 1710 1424 1774 quod
1452 1727 1477 1756 e
1494 1709 1605 1757 Psal-

203 1799 281 1840 mo
303 1783 468 1828 CXVII.
497 1780 549 1824 ad
571 1777 790 1824 Christum
823 1778 1023 1833 refertur,
1052 1794 1147 1824 non
1179 1779 1388 1824 cohaeret
1415 1794 1516 1824 cum
1538 1777 1603 1824 hi·

202 1848 330 1898 storia
350 1848 462 1894 illius
484 1845 648 1901 Psalmi,
682 1845 754 1892 sed
782 1846 1036 1892 vaticinium
1067 1844 1235 1892 mediae
1253 1844 1455 1892 historiae
1473 1843 1603 1891 inser·

203 1928 303 1964 tum
326 1914 409 1974 est3
440 1930 532 1961 non
553 1917 716 1961 mirum
745 1923 821 1959 aut
849 1929 1024 1959 nouum
1043 1911 1180 1959 videri
1200 1910 1355 1959 debet:
1385 1929 1486 1959 nam
1505 1912 1604 1976 plu·

204 2002 254 2032 ra
285 1983 363 2031 alia
391 1984 450 2029 ita
478 1983 522 2027 in
546 1985 600 2029 V.
618 1985 676 2028 T.
696 1977 924 2045 proposita
955 1978 1067 2035 sunt,
1102 1974 1177 2029 διαὶ
1201 1977 1250 2028 τὸ
1271 1974 1348 2031 δεῖν
1367 1972 1605 2044 cve-moiff-

204 2049 320 2111 esau
348 2050 468 2109 τέως,
502 2044 584 2102 ais-e
619 2045 684 2110 μή
714 2046 788 2107 καὶ
818 2045 880 2097 τά
907 2043 1073 2106 βιβλία
1100 2045 1223 2097 αὐτοὶ
1259 2043 1602 2113 ἐξαλωφθῆνεᾳε

194 2130 431 2184 propterea
460 2122 571 2182 quod
595 2134 643 2163 ea
667 2118 858 2177 oportuit
886 2117 1115 2162 inumbrari
1133 2123 1173 2161 et
1191 2113 1351 2178 obstare
1367 2117 1484 2163 tradi
1502 2123 1603 2170 tum,

202 2206 252 2234 ne
273 2189 372 2235 libri
389 2187 466 2251 ipst
483 2186 761 2236 abolerentur,
798 2182 851 2229 ab
879 2183 1046 2229 Iudaeis
1078 2180 1294 2239 videlicet,
1325 2184 1402 2247 qui
1428 2180 1503 2228 ista
1530 2197 1602 2227 va-

201 2257 354 2301 ticinia
384 2269 480 2299 non
503 2263 630 2299 erant
655 2252 913 2298 toleraturi:
941 2266 1053 2312 quae
1081 2248 1142 2296 est
1162 2252 1314 2314 vtique
1337 2247 1522 2297 mirifica
1540 2265 1605 2296 ra·

200 2325 281 2369 tio.
362 2324 509 2367 Immo
550 2319 686 2379 longe
725 2319 807 2365 alia
839 2315 977 2364 caussa
1004 2318 1070 2365 rei
1098 2316 1390 2378 intelligenda
1416 2314 1604 2372 videtur,

201 2405 314 2454 quae
331 2388 383 2435 ad
403 2383 691 2434 iudicandum
713 2385 768 2431 de
787 2394 887 2431 toto
907 2399 1071 2445 genere
1091 2378 1461 2450 prophetiarums
1470 2394 1517 2430 et
1534 2395 1603 2428 ea·

197 2473 300 2503 rum
318 2453 751 2519 interpretandarum
773 2453 944 2499 ratione
965 2449 1112 2515 profit.

298 2521 371 2570 Est
391 2523 527 2583 igitur
545 2519 759 2568 verissima
777 2530 823 2566 et
842 2521 1076 2583 praecipua
1108 2516 1245 2565 caussa
1263 2520 1330 2566 rei
1350 2519 1396 2565 in
1417 2513 1600 2564 consilio

202 2589 359 2638 diuino
378 2590 509 2652 super
530 2589 667 2635 modo
688 2585 1013 2652 promulgandi,
1038 2599 1084 2633 et
1104 2585 1372 2650 perficiendi,
1406 2601 1518 2649 quae
1543 2584 1600 2630 de

203 2658 340 2709 salute
363 2656 606 2705 hominum
632 2672 716 2722 per
744 2653 892 2704 filium
912 2653 1042 2703 suum
1060 2653 1303 2720 reparanda
1322 2649 1601 2702 decreuisset:
1652 2662 1665 2676 Α

1476 2716 1601 2786 quod
1674 2751 1679 2757 =
