1682 3068
502 153 1137 195 mvnAx-ocnrvs
1425 146 1522 202 117

38 309 42 312 .
72 292 85 323 ⁷.
125 271 226 317 tum
242 263 289 310 in
307 278 404 311 eam
419 263 661 318 rationem,
697 278 800 309 cum
819 263 976 309 vitium
995 261 1195 326 concipit
1211 261 1346 325 panis
1365 278 1391 308 a
1420 258 1518 319 lim,

121 329 178 378 ab
190 331 406 378 humore.
480 329 631 387 Quid?
669 346 817 376 mures·
837 341 886 376 et
904 333 1049 377 tineae
1066 333 1200 377 etiam
1219 340 1316 377 tum
1335 327 1518 378 demum

120 399 341 462 impetum
358 397 539 452 fatiunt,
560 413 664 444 cum
685 396 915 444 discessum
929 398 1050 444 illum
1068 410 1113 444 et
1131 394 1448 455 seiunffionem
1459 397 1519 445 fa·

119 462 236 513 Ram
255 465 543 527 intelligunt?
573 463 777 512 profesto
798 475 891 512 tota
911 482 980 510 ree⁴
1000 463 1061 511 est
1079 465 1232 512 falsaet
1243 468 1488 527 nugatoria.

219 537 370 597 Atque
386 534 519 581 etiam
539 535 584 579 in
606 549 660 579 eo
680 550 837 596 parum
857 532 1086 593 eleganter
1107 532 1294 595 disputat
1314 535 1513 581 Murato-

119 603 249 657 rius,.
273 598 398 664 quod
420 598 785 651 docere-instituit
803 597 1068 648 testimoniis
1087 602 1378 662 antiquorum
1412 600 1509 655 scri7

115 678 324 732 poor-nm,
355 683 514 731 panem
533 669 837 718 consecratum
858 670 904 714 in
923 669 1075 722 multis
1091 666 1294 714 Ecclesiis
1312 668 1512 716 adserua-

115 746 217 787 tum
231 733 332 799 post
348 733 666 783 Eucharistiam-
680 733 777 783 effe.
855 740 980 783 Nam
1001 735 1044 781 id
1066 751 1152 782 nec
1170 735 1416 783 Albertinus
1431 744 1511 783 aut

114 802 362 866 Bhgamus,
381 819 467 849 nec
486 805 719 867 quisquam
739 806 931 864 negauit.
966 807 1116 851 Immo
1137 799 1421 867 posteaquam
1438 819 1509 849 re·

112 866 277 918 eeffum
306 866 369 916 est
386 868 439 917 ab
458 870 750 935 antiquiss'ima
768 873 840 919 illa
868 874 1037 935 primae
1054 882 1101 918 et
1122 874 1410 935 incorruptae
1429 873 1511 918 Ec-

111 934 264 987 clesiae
281 935 600 986 consuetudine
618 938 1011 987 distribuendarum
1040 937 1509 1003 comedendarumque

7 1054 16 1060 ,
107 1003 417 1067 reliquiarum,
453 1005 668 1055 adseruari
698 1025 912 1072 coepere:
958 1006 1095 1072 idque
1123 1006 1413 1054 concedimus
1447 1005 1509 1052 fa-

105 1069 229 1118 &um
248 1070 335 1119 effe
353 1075 398 1120 in
419 1074 645 1140 plerisque
653 1074 863 1132 EcclefiiS,
882 1073 940 1123 ob
958 1077 1255 1122 reuerentiam
1271 1073 1511 1138 quandam,

104 1137 440 1203 superstitiosam
459 1143 575 1189 illam
595 1142 788 1208 quidem,
817 1143 893 1191 sed
909 1142 1188 1190 tolerabilem
1207 1154 1371 1197 tamen,
1398 1158 1508 1188 con-

104 1205 254 1255 secrati
282 1210 429 1272 panis,
465 1220 515 1257 vt
533 1227 655 1259 nunc
675 1214 807 1260 etiam
837 1210 890 1260 fit
909 1209 1028 1276 apud
1059 1227 1166 1267 nos,
1206 1226 1308 1257 cum
1339 1208 1508 1274 aliquid

102 1271 299 1338 superest
335 1293 362 1322 e
404 1274 584 1340 pastillis
597 1314 609 1334 ,
659 1296 745 1331 nec
777 1295 990 1327 numerus
1026 1289 1230 1325 accurate
1259 1280 1396 1325 initus
1429 1275 1506 1324 est.

104 1343 179 1388 An
195 1340 296 1405 post
315 1342 506 1398 sacrum,
539 1355 587 1391 et
608 1356 729 1393 extra
745 1346 888 1402 vsum,
932 1342 1074 1392 adesse
1093 1345 1314 1392 creditum
1331 1344 1383 1393 fit
1409 1362 1506 1392 cor—

103 1416 190 1471 pu's
208 1411 416 1466 Domini,
453 1411 498 1457 id
520 1415 772 1476 quaeritur:
824 1413 868 1460 id
890 1413 965 1459 illa
993 1411 1372 1460 demonstratione
1407 1429 1503 1460 non

103 1473 365 1523 conficitur:
419 1478 561 1526 immo
592 1480 635 1526 id
666 1479 894 1528 credidere
923 1481 1052 1527 nullo
1084 1480 1266 1536 modo„
1296 1483 1374 1544 qui
1405 1477 1503 1527 istas

102 1541 306 1606 reliquias
329 1544 401 1590 vel
429 1547 523 1606 igni
550 1546 853 1602 absumerent,
890 1548 963 1594 vel
991 1550 1041 1593 in
1055 1560 1224 1612 puteos
1244 1545 1503 1607 abiicerent,

101 1610 485 1673 atquevitivfibus
515 1614 720 1662 humanis
741 1615 1062 1671 subtraherent.

193 1675 279 1725 Sed
303 1689 452 1728 tamen
477 1681 571 1729 illas
604 1683 713 1746 ipsas
749 1683 875 1749 panis
904 1681 1268 1750 εὐχαςιςηθέντος
1295 1682 1500 1747 reliquias

97 1744 470 1812 vimficum‘corpus
487 1750 748 1815 appellauit,
782 1753 909 1814 quis?
955 1754 1154 1815 Antiqua
1172 1762 1219 1798 et
1236 1754 1498 1816 incorrupta

98 1810 310 1871 Ecclesia,
352 1828 400 1862 et
428 1819 626 1880 priorum
660 1818 911 1866 seculorum
945 1820 1099 1882 aliquis
1129 1816 1287 1867 dostor
1309 1835 1496 1879 magnae

96 1878 397 1930 austoritatis?
432 1889 556 1931 Non.
582 1889 703 1955 «Quis
715 1890 855 1947 ergo?
889 1885 1113 1935 Obscurus
1132 1887 1288 1950 aliquis
1306 1897 1354 1933 et
1369 1890 1498 1947 igno·

96 1945 196 1994 bilis
217 1949 348 1996 seculi
367 1954 447 2006 Vl,
483 1949 513 1997 si
543 1965 714 2010 tamen,
751 1951 926 2008 auster,
973 1957 1053 2019 qui
1080 1953 1255 2002 inducit
1279 1954 1496 2002 feminam

97 2011 320 2062 dicentem
338 2016 521 2066 Abbati:
562 2021 711 2084 Accipe
733 2023 830 2069 mihi
846 2022 1019 2084 sincrum
1036 2039 1114 2071 vas
1137 2022 1289 2085 viuifici
1305 2026 1495 2086 corporis

94 2083 369 2147 etfiznguinis
389 2082 561 2148 Christi,
597 2093 730 2136 tantis
747 2090 946 2154 mgffleriis
964 2093 1132 2155 dignum
1150 2106 1193 2154 p.
1225 2105 1338 2151 2735
1386 2094 1495 2137 Hoc

94 2165 206 2210 ergo
224 2148 404 2204 anaore
423 2153 678 2211 credemus,
704 2167 902 2203 veterem
923 2155 1160 2204 Ecclefiam
1181 2173 1363 2203 omnem
1384 2156 1494 2204 sem-

23 2241 27 2244 ·
90 2231 176 2280 per
193 2213 381 2265 statuisse
401 2218 458 2266 de
475 2221 668 2285 reliquiis
681 2222 981 2271 Eucharisticis
1005 2227 1084 2281 ita,
1104 2236 1151 2271 vt
1169 2226 1379 2271 Romanis
1400 2225 1492 2288 pla·

92 2287 198 2330 cet?
234 2287 377 2334 Nullo
398 2287 546 2340 modo.
579 2294 696 2338 Nam
718 2307 800 2338 nec
820 2292 1045 2339 necellitas
1064 2293 1147 2339 vlla
1165 2308 1247 2338 nos
1260 2294 1384 2352 cogit
1399 2292 1492 2340 hoc
1549 2333 1555 2338 .

91 2352 378 2410 concedere„
409 2364 458 2401 vt
482 2355 556 2402 illa
584 2357 716 2405 verba
741 2360 786 2404 in
812 2359 929 2405 hanc
957 2360 1215 2406 sententiam
1243 2360 1381 2423 accipi
1414 2359 1488 2406 de·

89 2417 249 2475 beant,
272 2421 329 2466 -in
351 2438 484 2487 quam
505 2424 599 2470 vult
614 2427 899 2476 Muratorius.
944 2467 946 2469 .
969 2429 1093 2472 Panis
1109 2427 1206 2484 ille,
1238 2438 1287 2474 vt
1308 2427 1487 2492 Chrysi)-

78 2484 240 2547 stonms
257 2489 340 2544 ait,
382 2505 466 2553 per
496 2491 871 2546 consecrationem
900 2491 1107 2541 liberatus
1135 2495 1319 2541 nomine
1347 2497 1489 2560 panis,

90 2553 344 2603 nonmodo
365 2572 527 2621 corpus
549 2559 705 2606 Christi
726 2559 968 2624 appellatus
989 2559 1071 2621 est,
1102 2577 1206 2610 cum
1225 2563 1488 2621 sumeretur,

90 2618 304 2672 sedetiam
325 2621 638 2675 eius‘nominis
658 2627 879 2675 honorem
907 2631 953 2676 in
972 2629 1135 2692 vulgari
1166 2630 1485 2679 consuetudine

782 2697 832 2741 H
862 2712 886 2755 3
1267 2697 1481 2763 loquendi
