1682 3068
249 160 342 207 126
581 176 648 205 Da:
682 151 911 208 mansam·
922 177 1015 209 rm
1048 179 1309 214 commum

239 281 363 334 sunt,
388 278 460 326 sed
479 288 530 327 vt
546 296 651 339 nos,
673 298 758 345 pro
775 282 940 342 ingenii
961 282 1098 332 nostri
1117 285 1266 345 modo,
1285 297 1495 354 putemus
1514 290 1641 357 posse·

238 348 450 398 facillime
466 358 513 395 et
539 348 787 413 planissime
808 347 1006 409 defendi,
1048 351 1289 402 ostendere.
1382 361 1533 423 Itaque
1564 362 1638 409 sua

239 417 730 480 quisqueargumenta,
767 416 929 480 quibus
949 420 996 464 in
1016 419 1222 468 docendo
1244 423 1356 471 solet
1374 426 1463 482 vti,
1502 427 1635 474 nobis

236 499 334 531 non
354 484 528 542 inuitis,
555 483 668 531 salua
689 485 854 547 poterit
874 497 921 531 et
939 484 1099 534 idonea
1126 488 1381 539 existimare.
1486 499 1635 559 Atque

236 552 349 600 haec
370 550 500 599 nobis
519 552 574 599 de
594 549 777 599 consilio
798 550 950 601 nostro
969 551 1257 622 institutoque
1277 556 1527 610 distasunt.
1561 555 1635 611 Ad

234 636 333 671 rem
357 620 494 686 ipsam
520 621 754 670 veniamus.
1586 635 1589 639 ’
1628 662 1630 665 ,

556 776 1246 833 ’ΤΗΑΟΤΑΤΙΟ

327 890 372 938 ’1.
402 893 600 938 Primum
621 891 760 949 igitur
782 889 1081 951 defendimus,
1120 895 1262 958 ipsum
1285 913 1448 961 corpus
1471 894 1629 947 christi

231 969 280 1008 et
304 958 562 1019 sanguinem
591 953 732 1003 adesse
759 958 1056 1016 sumentibus,
1108 971 1156 1009 et
1190 963 1300 1011 sumi
1330 965 1545 1012 vescendo
1579 979 1630 1014 et

227 1025 444 1081 bibendo,
489 1041 584 1072 non
604 1023 741 1071 modo
761 1028 1035 1086 cogitatione
1053 1045 1103 1075 ac
1120 1027 1227 1086 fide,
1270 1048 1460 1096 eamque
1479 1034 1629 1097 appel-

225 1096 368 1143 lamus
385 1093 668 1158 praesentiam
687 1094 916 1158 vtriusque
932 1111 1079 1142 veram
1091 1133 1103 1153 ,
1122 1108 1170 1144 et
1190 1114 1303 1162 quae
1325 1100 1508 1164 proprie
1525 1100 1627 1147 dici-

225 1168 324 1220 tur,
364 1162 455 1208 hoc
473 1158 556 1216 est,
591 1157 871 1219 substantiae,
915 1178 1048 1227 quam
1076 1181 1155 1211 non
1176 1167 1387 1226 cogitatio
1406 1165 1626 1214 credentis

225 1227 385 1286 efficit3
417 1244 519 1276 nam
542 1244 591 1274 ea
606 1225 668 1274 est
684 1239 900 1294 perpetua
919 1240 966 1277 et
988 1233 1030 1276 in
1053 1229 1270 1294 potestate
1287 1233 1521 1291 credentis,
1540 1251 1627 1281 nec

224 1315 342 1363 opus
363 1296 500 1345 habet
532 1295 809 1343 sacramento
838 1307 916 1344 aut
944 1295 1119 1345 afflone
1152 1298 1314 1351 edendi
1342 1317 1393 1347 ac
1422 1299 1623 1359 bibendi;

222 1383 294 1415 nec
325 1363 437 1413 afflo
464 1362 603 1412 modo
637 1360 798 1412 Christi
830 1365 1061 1429 spiritualis
1099 1375 1146 1413 et
1175 1365 1368 1415 salutaris
1395 1369 1442 1414 in
1470 1379 1624 1417 mente

222 1432 416 1481 fideliter
434 1432 644 1480 sumentis
662 1430 886 1498 symbola;
926 1448 1029 1479 nam
1049 1443 1097 1478 et
1124 1434 1234 1481 haec
1249 1446 1467 1499 perpetua
1491 1434 1553 1486 est
1575 1439 1623 1484 in

217 1499 427 1549 fidelibus
446 1517 528 1565 per
546 1498 732 1547 verbum
751 1501 981 1560 Euangelii
1005 1500 1058 1546 ad
1077 1497 1210 1548 fidem
1232 1501 1444 1559 alendam,
1476 1514 1522 1551 et
1539 1519 1623 1568 per

223 1585 323 1616 eam
361 1568 739 1634 tranquillandum
770 1567 1206 1633 exhilarandumque·
1225 1572 1428 1617 animum
1470 1573 1622 1634 pium:

221 1636 296 1684 sed
332 1652 444 1699 quae
486 1636 707 1696 contingit
746 1651 827 1698 per
860 1632 1098 1694 benignam
1134 1636 1415 1684 voluntatem
1442 1634 1619 1696 Christi,

219 1702 510 1770 promissione
534 1705 631 1750 eius
657 1701 812 1749 diserta
841 1700 1129 1759 declaratam,
1169 1702 1260 1750 fine
1279 1721 1362 1768 qua
1379 1706 1486 1757 *eius
1519 1705 1618 1770 spes

221 1769 307 1818 effe
324 1788 420 1820 non
440 1769 604 1835 pollet,
642 1780 689 1816 et
707 1786 789 1834 per
809 1786 941 1832 quam
963 1772 1294 1818 Sacramentum
1321 1769 1383 1818 est
1409 1771 1618 1829 constitu(

218 1849 332 1887 tum.
435 1839 598 1885 Talem
629 1854 738 1898 ergo
757 1837 1069 1901 praesentiam,
1106 1835 1195 1884 siue
1224 1839 1314 1885 hoc
1333 1856 1475 1899 genus
1494 1855 1617 1905 prae·

219 1907 382 1955 sentiae
402 1902 806 1954 defendiEcclesiae
824 1902 996 1951 nostrae
1017 1902 1215 1952 dossrina
1234 1904 1425 1969 publica,
1453 1909 1616 1971 partim

217 1975 375 2023 diserta
394 1973 727 2023 Confeffionum
747 1971 991 2019 nostrarum
1012 1971 1140 2019 verba
1160 1970 1395 2029 testantur,
1429 1984 1476 2022 vt
1497 1975 1614 2036 Apo-

216 2045 358 2106 logiae
375 2045 430 2090 A.
453 2044 502 2090 C.
522 2050 607 2091 art.
635 2057 705 2088 10.
735 2038 859 2105 quod
877 2041 924 2086 in
947 2042 1099 2087 Coena
1117 2039 1230 2088 sacra
1249 2056 1345 2088 vere
1364 2054 1410 2088 et
1418 2041 1613 2105 substan·

215 2113 377 2160 tialiter
395 2108 531 2157 adsint
550 2125 715 2173 corpus
737 2117 783 2155 et
800 2106 972 2167 sanguis
985 2105 1166 2163 Christi,
1193 2119 1249 2155 et
1274 2125 1378 2155 vere
1397 2109 1613 2156 exhibeam·

215 2189 292 2229 tur
312 2197 400 2227 cum
427 2177 512 2224 illis
541 2175 696 2231 rebus,
734 2191 848 2240 quae
882 2173 1106 2230 videntur,
1144 2188 1256 2236 pane
1273 2184 1313 2222 et
1330 2180 1451 2224 vino:
1491 2175 1608 2223 conf.

214 2251 358 2306 Form.
384 2245 582 2294 Concord.
602 2254 686 2292 art.
705 2259 750 2301 7.
781 2241 854 2289 vbi
883 2241 1042 2290 diserte
1060 2244 1350 2307 fiabstantialis
1366 2244 1610 2306 praest’ntia

213 2325 618 2363 commemoratur:
662 2312 820 2375 partim
839 2308 1041 2357 aduersae
1061 2313 1201 2375 partis
1223 2308 1450 2374 profeffio,
1494 2326 1609 2374 quae

214 2382 280 2439 se,
314 2384 395 2438 ait,
423 2380 722 2447 praesentiam,
741 2395 853 2442 quae
875 2381 1108 2438 contingat
1128 2394 1209 2442 per
1227 2375 1360 2441 fidem
1378 2379 1425 2424 in
1442 2381 1607 2434 animo,

212 2447 358 2513 fitque
378 2450 601 2513 operantis
630 2450 677 2493 in
707 2447 857 2492 animo
886 2443 1063 2502 Christi,
1108 2443 1374 2498 concedere,
1417 2443 1608 2491 substan-

211 2522 299 2565 tiae
318 2518 444 2563 nullo
467 2514 619 2563 modo,
699 2518 980 2574 Quamquam
1012 2514 1057 2560 in
1079 2513 1168 2559 hoc
1188 2528 1371 2576 quoque
1391 2511 1487 2558 sunt
1508 2511 1606 2559 faci·

212 2587 278 2637 les
299 2579 514 2639 nonnulli,
534 2582 779 2644 voluntque
798 2578 1049 2627 substantiae
1066 2580 1352 2643 praesentiam
1371 2579 1608 2637 agnoscere

210 2647 366 2707 rideri,
415 2650 485 2696 sed
514 2667 623 2714 quae
663 2648 716 2696 fit
745 2651 794 2697 in
822 2645 1056 2696 efficientia
1082 2649 1282 2712 corporis
1312 2656 1360 2695 et
1385 2646 1604 2760 sanguiais

1426 2716 1536 2762 Chri
1575 2717 1602 2769 i,
