1682 3068
204 195 302 251 518
371 202 436 234 na·
474 201 828 235 tnssozounut
863 187 1138 238 merome.
1171 208 1242 239 ιτ
1281 208 1518 247 noouAr.

207 319 310 358 rant
341 310 512 357 omnia:
544 327 734 374 eamque
764 310 853 374 ipse
881 310 1122 377 pei-festam
1151 313 1482 381 philosophiam
1505 316 1609 365 sem·

208 395 293 444 per
321 375 362 422 se
394 374 594 424 iudicasse
621 377 862 443 profitetur
890 381 1027 445 (Tufi.
1053 384 1086 437 I,
1103 384 1170 443 4.)
1204 399 1316 446 quae
1337 382 1392 429 de
1413 385 1609 430 maximis

210 443 540 509 quaestionibus
578 447 756 509 copiose
785 445 925 514 poss‘et
951 459 1193 512 ornateque
1221 449 1380 497 dicere.
1457 453 1612 515 Itaque

212 511 269 560 ad
290 530 387 559 eam
407 511 549 560 veluti
569 514 716 574 legem
738 517 783 561 in
806 515 1069 581 explicandis
1099 515 1422 580 quaestionibus
1449 534 1614 579 conge-

155 615 158 618 ·
213 592 376 628 runtur
395 582 555 635 omnia,
585 598 698 647 quae
717 584 763 629 in
783 594 982 631 mentem
1002 595 1224 643 venerant,
1257 586 1330 632 vel
1355 587 1410 632 ab
1429 586 1522 632 aliis
1544 601 1613 631 ac·

216 659 372 713 cepta,
410 649 482 695 vel
513 648 671 712 suopte
701 652 887 712 ingenio
916 653 1188 712 excogitata,
1218 669 1304 699 nec
1333 652 1471 699 modo
1502 668 1615 717 quae

217 713 530 763 certitudinem
558 715 767 774 adferant,
798 718 871 766 sed
896 721 1039 775 etiam,
1074 736 1186 782 quae
1204 731 1433 784 vtcunque
1458 718 1618 783 proba-

219 782 358 831 bilem
376 783 567 848 speciem
589 783 792 833 habeant.
857 787 993 842 Quod
1009 785 1087 834 etsi
1107 789 1152 833 in
1170 804 1225 834 eo
1247 804 1409 848 genere
1429 786 1618 852 disputa-

221 853 360 898 tionis
383 868 479 898 non
498 849 559 897 est
578 850 818 900 admodum
847 852 1199 917 vituperandum,
1230 872 1315 902 nec
1334 857 1520 903 omnino
1538 854 1619 900 dis—

220 919 360 984 plicet
386 918 460 966 ille
489 920 638 967 Melea,
660 921 767 968 Cani
797 933 1056 984 praeceptor
1069 925 1148 970 Fr.
1172 918 1383 977 Vibi‘oria,
1416 925 1495 986 qui
1525 920 1620 968 nul-

220 987 318 1034 lum
337 983 652 1046 argumentum
671 985 755 1034 efl'e
774 987 1089 1049 negligendum
1111 988 1268 1047 aiebat,
1300 993 1346 1037 in
1366 1007 1458 1054 quo
1478 989 1621 1052 aliqua

220 1051 481 1115 significatio
515 1054 701 1101 veritatis
729 1066 981 1119 appareret:
1027 1066 1178 1102 tamen
1213 1059 1263 1103 iis
1302 1056 1620 1117 cognoscendis

225 1120 353 1169 facile
374 1120 696 1168 conturbantur
707 1124 884 1182 ingenia
901 1125 1088 1187 expertia
1100 1122 1344 1171 subtilitatis
1364 1121 1622 1179 dialesticae,

222 1205 310 1237 nec
331 1186 509 1253 possunt
525 1187 578 1235 ab
595 1187 780 1236 infirmis
799 1188 934 1247 firma,
968 1207 1079 1254 quae
1100 1191 1250 1238 sola-in
1270 1191 1443 1239 scholae
1463 1189 1622 1237 destri-

222 1273 284 1304 na
312 1255 413 1303 sunt
442 1255 699 1319 vsurpanda,
734 1256 988 1305 discernere.
1058 1259 1190 1306 Vnde
1214 1269 1260 1306 et
1289 1257 1366 1323 ipsi
1386 1259 1522 1322 saepe,
1551 1256 1625 1304 vbi

224 1323 419 1372 firmiter
449 1322 694 1382 consistant,
726 1340 819 1372 non
850 1325 1027 1381 habent,
1059 1336 1106 1373 et
1133 1329 1178 1373 in
1207 1325 1413 1373 docendo
1442 1327 1511 1372 vel
1531 1341 1625 1372 non

223 1389 406 1459 poss'unt
425 1391 478 1439 ad
497 1389 722 1458 οὶκξλβειαν
742 1404 788 1440 et
808 1392 1119 1441 certitudinem
1143 1393 1360 1441 adducere
1382 1392 1626 1457 discipulos,

227 1472 308 1508 aut
327 1461 459 1507 etiam
490 1463 670 1522 ingenia
692 1461 844 1519 felicia,
874 1479 988 1526 quae
1015 1461 1315 1509 infirmitatem
1343 1470 1629 1522 argumento-

230 1545 332 1576 rum
358 1529 552 1575 sentiunt
579 1528 766 1576 naturali
804 1528 994 1593 quadam
1023 1529 1194 1577 solertia
1224 1539 1271 1576 et
1301 1527 1534 1594 ἀγχινοίᾳ,
1572 1525 1628 1574 ad

231 1595 501 1660 scepticismi—
516 1595 854 1644 inconstantiam
872 1595 1042 1644 faciunt
1062 1597 1289 1662 procliuia.
1335 1599 1517 1643 Huetius
1535 1595 1630 1658 qui·

233 1663 338 1711 dem
358 1662 434 1710 sibi
452 1665 541 1711 hoc
561 1662 756 1711 accidisse
775 1666 924 1711 iuueni
946 1675 1095 1712 narrat
1115 1665 1175 1723 (in
1198 1664 1421 1711 Commeat.
1441 1667 1490 1709 de
1507 1665 1629 1711 rebus·

220 1732 318 1796 suis
334 1749 383 1792 p.
418 1732 518 1793 29.)
549 1748 574 1776 e
606 1729 800 1777 leffione
828 1732 1051 1778 Petauiani
1083 1732 1230 1793 operis
1259 1728 1315 1776 de
1337 1723 1628 1789 'dogmatibus

233 1798 512 1858 theologicis,
533 1808 594 1853 vt,
616 1809 984 1859 argumentorum
1003 1796 1302 1844 imbecillitate
1319 1794 1634 1853 animaduersa,

231 1882 304 1914 res
322 1865 432 1930 ipsas
451 1867 637 1911 incertas
657 1862 924 1912 existimaret.
993 1870 1274 1929 Quamquam
1292 1881 1344 1911 ea
1364 1881 1544 1929 quoque
1559 1879 1632 1910 res

203 1932 366 1981 Auum
386 1931 520 1979 habet
539 1931 738 1990 modum,
772 1949 857 1979 nec
883 1930 937 1979 ad
958 1942 1242 1979 contemtum
1264 1943 1466 1979 veterum
1485 1931 1634 1978 Eccle-

236 1999 321 2049 fiae
339 1997 575 2047 dostorum
593 2001 712 2047 trahi
732 1999 875 2055 debet,
905 2010 954 2046 vt
971 1999 1138 2047 faciunt
1158 1999 1306 2061 vulgo,
1339 2000 1414 2061 qui
1434 1998 1504 2045 vel
1523 1995 1635 2045 effu-

237 2085 347 2132 gere
377 2067 628 2115 molestiam
657 2085 708 2114 ex
739 2066 998 2115 austoritate
1023 2071 1224 2123 Patrum,
1258 2068 1306 2113 in
1339 2064 1633 2130 disputatione

239 2153 346 2183 cum
375 2134 626 2182 aduersariis
656 2134 861 2192 oblatam,
891 2134 963 2181 vel
988 2134 1311 2188 excusationem
1331 2130 1558 2194 neglestae
1574 2132 1635 2178 le-

237 2201 398 2251 &ionis
411 2207 590 2250 Patrum
613 2218 842 2267 quaerunt.
878 2204 1057 2250 Huctius
1068 2201 1249 2265 quidem
1266 2201 1338 2248 ille
1356 2211 1512 2247 natura
1530 2216 1634 2264 pro-

239 2272 367 2318 cliuis
386 2270 442 2329 ad
457 2270 775 2335 scepticismum
796 2271 894 2326 fuit,
930 2281 975 2316 et
994 2270 1110 2316 illam
1131 2267 1474 2334 propensionem
1491 2267 1544 2314 ad
1563 2283 1634 2313 ex-

239 2349 450 2393 tremum,
478 2338 522 2385 id
550 2339 673 2401 quod
701 2337 796 2385 satis
828 2335 1010 2394 constat,
1045 2337 1257 2383 seruauit:
1289 2347 1335 2383 et
1353 2347 1446 2382 erat
1465 2346 1562 2382 tum
1581 2350 1636 2381 ea

240 2416 399 2461 aetate,
434 2418 483 2452 vt
501 2405 597 2452 satis
625 2416 756 2462 acute
787 2405 841 2451 de
867 2405 951 2451 illis
978 2401 1108 2451 rebus
1139 2400 1312 2450 fortasse
1332 2401 1520 2449 iudicare
1540 2417 1636 2448 non

239 2471 396 2538 posset.
467 2474 668 2520 Omnino
686 2474 730 2518 in
751 2473 827 2518 illo
846 2472 938 2536 ipso
957 2471 1120 2519 iudicio
1133 2469 1188 2516 de
1206 2470 1480 2531 argumentis
1499 2479 1547 2515 et
1563 2467 1639 2514 de·

238 2539 631 2588 monstrationibus
659 2550 865 2597 veterum¹
882 2536 1115 2586 dostorum
1146 2537 1257 2584 solet
1276 2554 1368 2584 non
1389 2553 1477 2583 vno
1494 2534 1637 2582 'modo

239 2609 425 2673 peccari.
495 2612 645 2672 Atque
673 2623 760 2668 ego
794 2623 888 2654 non
917 2605 1069 2663 dicam,
1096 2605 1365 2671 permultos,
1392 2605 1471 2668 qui
1499 2602 1553 2650 de
1584 2604 1638 2649 iis

244 2672 440 2724 iudicare
457 2673 633 2731 audent,
661 2690 756 2723 non
792 2673 878 2723 ess‘e
904 2673 1002 2726 satis
1028 2676 1197 2740 peritos
1217 2672 1403 2734 linguae,
1431 2685 1525 2720 non
1543 2686 1640 2783 mi>-

1610 2753 1639 2783 ο
