1650 3060
343 172 670 214 :vuasonvu
703 180 774 212 εἰ·
810 176 1276 213 cums-rumonvu
1408 175 1511 230 579

92 291 150 338 In
175 287 245 337 his
273 286 477 336 omnium
506 288 679 352 primus
705 286 794 334 fuit
824 287 1012 337 Clemens
1029 287 1256 336 Gateclaeta
1283 284 1445 345 distas,
1476 306 1510 337 ε

96 373 189 422 quo
207 357 358 404 Schola
376 356 666 404 Alexandrina
685 352 924 402 Christiana
942 358 1161 416 originem
1183 356 1321 403 duxit.
1373 359 1507 406 Nam-

95 424 366 472 Cnteclietae
377 438 545 470 nomen
566 439 659 469 non
681 422 734 469 ad
753 420 943 470 nostram
954 422 1319 471 consuetudinem
1339 426 1387 472 in
1406 425 1501 472 hoc

90 490 230 539 verbo
250 489 592 555 deprimendum
624 489 697 546 est,
712 500 775 536 vt
792 491 930 552 vulgo
951 491 1109 543 fecere,
1136 491 1398 555 faciuntque
1418 509 1501 556 pa·

56 558 1062 690 ,ἱζῗεῖἰῗῖὲιὲὲὶὲἦῖιῗῗᾚωηΞῗῖἶῗέξέἱῖ
1077 557 1496 692 ἓὲἶὶῗεὲῗῖἶ

88 693 269 740 techeta
297 691 359 739 est
388 691 547 740 dostor
574 693 764 757 quilibet
793 695 926 741 etiam
956 710 1009 740 ex
1036 693 1115 740 vsu
1145 695 1366 742 Paullino.
1430 697 1493 742 Et

87 761 152 808 illi
174 761 439 808 Cateehetae
460 759 743 807 Alexandrini
771 778 908 807 omne
936 779 1076 822 genus
1104 762 1331 810 literarum
1349 761 1498 826 profi·.

86 827 308 882 tebantur,
338 838 387 874 vt
405 830 449 874 in
471 828 706 875 Clemente
723 839 770 875 et
790 830 979 889 Origine
996 828 1197 876 videmus
1216 840 1264 876 et
1283 828 1337 877 'ab
1358 829 1494 877 Euse-

85 893 164 942 bio
189 894 389 943 traditur.
454 899 556 942 Nec
582 913 688 942 vero
709 897 774 942 illi
794 896 1014 943 elementa
1033 895 1262 944 doetrinae
1281 894 1487 946 christin-

84 979 171 1009 nae
199 962 442 1019 tradebant,
474 962 547 1008 sed
578 960 821 1010 doarinam
852 965 1093 1026 religionis,
1125 981 1208 1029 per
1223 967 1489 1029 interpreta-

84 1032 261 1077 tionem
287 1040 530 1076 accuratam
562 1047 587 1075 e
621 1029 742 1077 libris
770 1033 910 1078 Sacris
939 1029 1156 1086 haustam,
1190 1033 1498 1096 philosopho··

83 1114 186 1144 rum
216 1115 343 1144 more
370 1095 630 1154 traaabant,
666 1110 716 1144 vt
742 1115 839 1146 eam
871 1101 942 1146 via
975 1111 1021 1146 et
1050 1103 1223 1146 ratione
1251 1099 1502 1149 traderent.

82 1163 368 1219 volentibu33
411 1174 543 1228 atque
568 1164 677 1212 inde
705 1166 779 1213 illa
807 1167 1036 1228 theologia
1063 1165 1349 1223 Scholastica,
1392 1168 1486 1215 hoc

83 1230 158 1286 est,
187 1231 391 1279 subtilior
421 1242 469 1278 et
500 1231 718 1280 eruditior
744 1245 844 1280 nam
864 1234 938 1290 est,
973 1234 1107 1299 idque
1124 1251 1292 1282 nomen
1311 1247 1414 1282 tum
1434 1246 1500 1283 et?

79 1299 282 1364 pluribus
306 1298 518 1363 deinceps
547 1300 702 1348 seculis
730 1303 776 1347 in
807 1301 938 1348 laude
965 1302 1067 1359 fuit,
1097 1313 1147 1349 vt
1174 1301 1344 1358 debuit,
1385 1302 1487 1350 sero

82 1366 265 1414 demum
285 1382 368 1430 per
394 1366 621 1414 barbaram
652 1368 861 1415 inscitiam
891 1371 1142 1430 linguarum
1162 1372 1404 1435 inquinata,
1436 1380 1487 1418 et

81 1433 136 1479 ad
153 1433 362 1480 inuidiam
382 1446 755 1499 contemtumque
773 1453 891 1490 eum,
917 1439 962 1483 in
986 1454 1077 1500 quo
1097 1454 1222 1484 nunc
1241 1439 1380 1499 vulgo
1398 1453 1484 1485 no-

80 1517 189 1547 men
211 1505 305 1548 eius
321 1499 396 1556 est,
425 1514 592 1549 vocata.
661 1503 731 1550 Ad
749 1505 836 1550 hos
851 1506 995 1564 igitur
1009 1502 1231 1553 Dossores
1250 1521 1343 1553 non
1359 1507 1502 1552 inne--

78 1583 162 1614 nes
186 1579 234 1614 et
258 1570 428 1615 tirones
458 1568 596 1616 ibant:
625 1570 751 1635 supra
787 1588 941 1618 eorum
971 1583 1154 1637 captum
1184 1584 1280 1620 erat
1298 1573 1503 1622 illorum

79 1634 304 1700 disciplina
314 1657 329 1691 3
354 1636 435 1682 sed
465 1639 543 1683 viri
573 1639 658 1684 iam
680 1639 900 1686 elementa
926 1639 1093 1687 dudum
1127 1638 1256 1697 doai,
1283 1642 1363 1705 qui
1390 1642 1500 1688 iam-

77 1702 339 1750 muneribus
358 1706 404 1750 in
423 1703 611 1752 Ecclesia
630 1705 940 1767 fungerentur,
972 1718 1022 1754 vt
1049 1706 1294 1772 presbyteri
1313 1718 1361 1755 et
1380 1709 1484 1773 qui·

77 1785 259 1834 cunque
286 1768 340 1816 ad
370 1771 573 1819 altiorem
612 1777 657 1818 in
690 1773 878 1822 Ecclefia
914 1775 1103 1836 gradum
1130 1777 1373 1840 peruenire
1384 1814 1403 1834 ,‚
1431 1785 1482 1823 et

77 1839 266 1884 omnino
295 1837 509 1885 Ecclefiae
543 1837 769 1888 duat-inae
804 1854 1032 1890 accuratae
1061 1842 1304 1891 maioribus
1333 1845 1478 1908 copiis

75 1902 286 1967 prodeffe
311 1919 542 1967 cuperent.
610 1910 777 1972 Neque
805 1910 868 1956 illi
887 1911 1153 1958 Catechetae
1170 1911 1307 1959 iidem
1326 1911 1482 1959 Eccle-

73 1968 160 2019 fiae
181 1968 388 2018 doaores
416 1983 551 2019 etant.
620 1976 810 2022 Clemens
831 1977 1012 2040 quidem
1042 1990 1088 2025 et
1110 1981 1332 2038 Origenes
1352 1994 1480 2042 pres-

73 2036 222 2100 byteri
241 2038 341 2084 sunt
359 2042 508 2095 creati,
543 2037 613 2085 secl
634 2041 711 2088 hic
728 2059 789 2088 ne
805 2045 851 2089 in
870 2045 1161 2092 Alexandrina
1191 2045 1372 2109 quidem
1392 2049 1498 2096 Ec·,

74 2103 223 2152 clelia:
255 2107 384 2152 nimis
405 2105 664 2154 inuidebant
689 2110 783 2156 eius
811 2107 1040 2158 dostrinae
1058 2122 1104 2159 et
1123 2113 1302 2173 gloriae,
1331 2124 1381 2159 vt
1407 2111 1476 2170 fit,

71 2173 187 2219 iuius
213 2170 430 2220 Ecclesiae
449 2171 657 2232 ministri;
688 2193 842 2225 verum
862 2177 915 2225 ab
935 2180 1350 2245 Hierosolymitano
1370 2182 1475 2244 Epi·

71 2241 221 2303 scopo,
256 2257 360 2287 cum
380 2241 443 2288 ibi
467 2241 720 2300 versaretur,
753 2246 939 2309 eiusque
957 2245 1155 2295 dostrina
1180 2247 1474 2312 sanstitasque

71 2304 180 2354 effet
198 2309 247 2353 in
275 2309 427 2363 oculiS,
457 2309 547 2357 hoe
563 2309 740 2358 honore
769 2310 834 2359 est
849 2310 1045 2369 afflans,
1072 2313 1195 2380 quod
1212 2324 1260 2361 et
1277 2315 1372 2362 aliis
1387 2317 1479 2364 ,tri-

70 2373 232 2422 butum
260 2373 333 2430 est,
368 2392 462 2422 non
490 2388 538 2423 vt
564 2378 611 2423 in
649 2377 827 2426 ecclelia
853 2381 1085 2440 docerent,
1132 2381 1204 2428 sed
1227 2394 1279 2430 vt
1309 2399 1496 2432 eorum-

70 2439 271 2489 dostrina
299 2453 348 2488 et
377 2445 516 2490 virtus
546 2458 779 2493 ornaretur
796 2463 852 2494 eo
872 2452 1068 2497 nomine.
1136 2454 1259 2497 Nam
1278 2453 1490 2502 omnino,

64 2509 250 2556 illorum
282 2508 678 2559 Ecclefiasticorum
708 2530 946 2562 munerum
979 2519 1091 2563 ratio
1119 2534 1228 2573 non,
1254 2526 1304 2566 vt
1330 2535 1471 2575 nunc,

65 2579 253 2640 proprie
282 2575 336 2623 ad
365 2575 557 2626 docendi
584 2596 747 2627 munus
778 2583 1052 2646 pertinebat,
1088 2596 1135 2630 vt
1161 2585 1299 2647 vulgo
1326 2583 1468 2632 existi·

46 2654 205 2693 smant.
274 2649 393 2693 Bene
419 2657 524 2707 erat,
554 2643 587 2694 fi
612 2645 792 2714 poss'ent
818 2649 981 2699 docere
998 2652 1244 2718 populumz
1275 2651 1350 2699 sed
1371 2669 1468 2700 non

514 2737 517 2739 ¹
710 2718 792 2765 00
830 2734 858 2764 2
1258 2730 1467 2788 poterant
