1682 3068
157 152 256 203 310
584 151 658 181 DE
695 151 1092 186 nxsclrtueA

158 256 296 311 nosse.
360 257 532 319 Religio
554 268 703 306 autem
731 260 819 326 ipsa
839 257 900 308 est
917 261 963 307 in
985 260 1160 307 scientia
1179 258 1295 308 reEla
1326 277 1474 310 earum
1494 279 1562 310 re·

161 344 262 377 rum
284 328 498 380 omnium,
518 335 563 372 et
582 325 635 374 ad
657 345 752 375 eam
772 328 993 375 scientiam
1016 327 1356 376 accommodato
1375 341 1421 376 et
1443 347 1565 377 com·

163 392 312 461 posito
328 395 409 439 Dei
430 394 569 449 cultu,
593 410 703 457 quae
725 394 787 443 est
805 397 942 461 pietas
965 395 1171 453 vniuersa‚
1204 393 1424 455 εὐσέβεια,
1456 395 1565 451 fides

165 466 214 511 in
237 463 487 510 Dominum
515 460 715 510 nostrum
749 464 890 511 lesum
921 461 1155 520 Christum,
1191 482 1293 511 cum
1316 465 1398 512 suis
1417 461 1568 511 frusti-

166 530 264 578 buS.
328 530 532 576 Alterum
560 545 714 589 genuS,
744 530 797 578 ad
826 531 950 596 quod
980 531 1123 578 sensus
1150 531 1345 579 hominis
1368 530 1568 580 Christia-

168 601 215 646 ni
235 599 476 662 pertinent,
510 593 572 642 est
591 599 637 644 in
657 597 787 645 rebus
809 599 940 646 bonis
963 610 1008 645 et
1030 598 1289 662 expetendis
1312 616 1569 664 comparan-

117 711 119 719 χ
170 666 327 729 disque
346 665 401 712 ad
419 680 567 713 veram
584 665 857 725 felicitatem,
887 677 932 713 et
951 671 997 713 in
1018 668 1154 724 malis,
1183 666 1343 731 quibus
1363 667 1569 714 cauendis

170 733 339 780 miseria
369 744 414 781 et
441 736 656 798 pernicies
679 738 886 781 enitatur.
957 734 1043 781 Sed
1066 751 1162 795 age,
1190 734 1335 782 sensus
1357 737 1569 800 cuiusque

171 803 350 864 generis
371 802 632 867 praecipuos
653 817 1072 850 commemoremus.
1543 847 1550 850 ,

273 870 347 921 16.
375 872 431 916 Et
464 871 690 933 inzprimo
730 869 911 934 quidem
941 886 1125 931 genere,
1175 868 1297 934 quod
1337 869 1392 916 ad
1421 874 1570 918 Deum

173 936 318 1000 ipsum
333 938 540 1000 pertinet,
566 936 708 984 sensus
727 939 834 984 tales
855 938 955 984 sunt
975 939 1021 984 in
1042 936 1248 984 omnibus
1269 939 1404 999 animi
1424 937 1572 984 decre-

174 1007 245 1060 tis,
283 1002 339 1050 de
366 1004 640 1068 perfestione
667 1014 715 1051 et
748 1003 967 1052 maiestate
986 1007 1085 1060 Dei,
1118 1006 1323 1069 inprimis
1355 1005 1572 1059 bonitate,

173 1070 383 1136 sapientia
409 1083 454 1118 et
479 1071 636 1120 iustitia
664 1073 770 1128 eius,
802 1083 847 1120 et
876 1089 1171 1137 quaecunque
1195 1073 1384 1136 aliquam
1405 1071 1573 1119 habent

175 1136 539 1188 coniunfi’tionem
568 1157 671 1187 cum
700 1143 848 1188 animo
876 1137 1050 1197 nostro,
1079 1140 1134 1186 acl
1160 1140 1507 1200 ingenerandam
1531 1141 1574 1187 ei

176 1204 474 1255 reuerentiam
502 1219 547 1255 et
572 1224 789 1263 amorem,
826 1218 874 1254 vt
901 1208 1066 1263 facere,
1108 1207 1231 1270 quod
1261 1206 1495 1254 abhorreat
1519 1206 1572 1253 ab

178 1275 272 1324 eius
295 1275 527 1332 maiestate,
560 1276 687 1331 nolis,
717 1285 766 1323 vt
788 1273 904 1322 diae
934 1276 997 1321 illi
1014 1273 1193 1322 audiens
1215 1272 1300 1320 esse
1322 1278 1484 1338 cupias,
1515 1277 1575 1322 ei-

179 1359 267 1405 que
297 1343 491 1405 placere:
535 1343 695 1397 veluti,
735 1360 874 1407 quum
899 1342 1028 1390 nobis
1059 1338 1119 1387 est
1146 1341 1405 1406 persuasum,
1436 1342 1574 1406 idque

178 1407 364 1459 firmiter
385 1412 525 1458 menti
546 1410 698 1456 haeret
716 1409 913 1466 infixum,
948 1428 972 1458 a
990 1414 1090 1457 Deo
1111 1426 1195 1456 nos
1214 1410 1347 1473 plane
1363 1409 1575 1474 pendere,

180 1480 332 1524 omnia
360 1479 413 1527 ab
443 1497 498 1526 eo
527 1479 701 1536 habere,
737 1478 894 1542 quibus
923 1479 1108 1533 vtimur,
1139 1477 1348 1532 fruimur,
1375 1479 1579 1542 itemque}

179 1548 383 1594 omnium
402 1563 554 1603 rerum
571 1545 788 1593 bonarum
818 1556 864 1592 et
884 1545 1107 1592 felicitatis
1127 1545 1249 1608 spem
1268 1547 1314 1593 in
1335 1544 1432 1608 ipso
1450 1543 1576 1593 fitam

181 1611 290 1660 effe:
333 1613 386 1661 ab
415 1615 511 1680 ipso
539 1613 720 1660 viciffim
747 1614 880 1660 amari
908 1629 1006 1669 nos,
1043 1623 1141 1658 tum
1173 1613 1271 1674 quia
1302 1615 1449 1675 operis
1477 1614 1574 1659 eius

179 1679 323 1735 fimus,
355 1691 453 1729 tum
483 1684 670 1727 maxime
699 1691 887 1745 propter
904 1679 1042 1733 filium
1061 1681 1158 1726 eius
1179 1678 1320 1726 Iesum
1343 1676 1577 1733 Christum,

179 1749 301 1796 cuius
327 1746 430 1795 fasti
449 1747 579 1795 fimus
603 1748 825 1810 peculium
847 1764 927 1810 per
949 1746 1301 1802 redemtionem3
1334 1747 1372 1792 ei
1395 1747 1576 1803 salutem

178 1814 371 1864 nostram
394 1833 537 1863 caram
565 1814 650 1863 effe
679 1825 811 1879 atque
829 1816 990 1862 curari:
1024 1816 1188 1878 itaque,
1219 1813 1428 1878 quicquid
1447 1813 1577 1878 nobie

181 1881 361 1939 accidat,
390 1885 482 1949 ipso
513 1883 784 1932 decernente
813 1898 864 1929 ac
893 1881 1112 1942 dirigente
1130 1880 1343 1938 accidere,
1379 1882 1578 1928 nullum-

180 1968 270 2016 que
290 1951 406 1999 aliud
441 1951 604 1999 habere
633 1949 873 2002 confilium,
902 1966 1035 2013 quam
1059 1948 1251 2013 quod-ad
1269 1946 1460 1996 nostram
1482 1948 1579 1995 feli·

180 2021 362 2066 citatem
391 2021 621 2083 pertineat.
692 2020 755 2064 Ex
785 2015 943 2064 eodem
974 2032 1138 2077 genere
1157 2015 1232 2072 est,
1265 2033 1401 2080 quum
1421 2018 1484 2063 ita
1510 2017 1576 2063 in-

182 2085 382 2134 duximus
411 2089 634 2143 animum,
673 2097 722 2132 vt
747 2082 1000 2140 statuamus,
1047 2083 1255 2149 quicquid
1286 2088 1408 2131 Deus
1431 2082 1578 2139 faciat,

178 2153 390 2218 quicquid
411 2153 606 2201 instituat
634 2164 765 2217 atque
791 2153 1040 2216 praecipiat,
1070 2151 1114 2197 id
1145 2149 1381 2210 necessario
1405 2150 1578 2214 sapiens

179 2219 265 2267 effe
292 2232 425 2286 atque
453 2220 672 2278 semustum,
713 2233 758 2270 et
776 2218 977 2275 *restums
1009 2231 1054 2265 et
1083 2217 1264 2274 iustum,
1308 2227 1356 2272 et
1381 2217 1576 2277 bonum3

181 2289 308 2336 aliter
335 2307 440 2335 eum
471 2291 630 2345 facere,
661 2285 822 2342 fecisse,
853 2283 1091 2341 instituisse,
1122 2284 1167 2331 id
1193 2302 1286 2332 non
1308 2286 1453 2333 minus
1472 2301 1578 2332 con·

179 2366 249 2403 tra
270 2367 468 2405 naturam
490 2355 588 2409 effe,
621 2373 712 2402 non
742 2357 887 2402 minus
908 2369 1161 2416 repugnans
1178 2363 1311 2416 atque
1329 2351 1580 2411 absurdum,

176 2440 313 2486 quam
333 2422 364 2471 fi
383 2425 437 2472 ab
457 2426 561 2487 igne
581 2423 664 2471 effe
682 2424 832 2483 friguS,
864 2432 909 2468 et
936 2419 1141 2473 tenebras
1161 2419 1327 2485 abipsa
1347 2421 1459 2475 luce,
1493 2420 1579 2466 exi-

178 2487 341 2539 stimes.
409 2493 488 2538 Ille
521 2509 703 2556 quoque
726 2491 815 2536 huc
834 2490 1065 2554 pertinens
1083 2487 1232 2537 sensus
1257 2484 1327 2544 est,
1362 2491 1501 2551 quum
1519 2487 1578 2531 le-

179 2573 256 2618 ges
275 2556 446 2607 diuinas
477 2560 588 2608 nihil
616 2558 733 2608 aliud
754 2555 838 2604 effe
860 2556 1094 2612 credimus,
1123 2564 1256 2620 quam
1277 2571 1397 2606 mera
1413 2550 1578 2601 benefi-

180 2619 427 2685 cia'diuina,
457 2626 620 2693 quibus
650 2627 870 2679 securitati
889 2622 1060 2673 nostrae
1079 2633 1211 2690 atque
1227 2621 1338 2674 adeo
1357 2619 1578 2736 widult-'sae

1461 2705 1484 2735 e
1502 2704 1576 2735 1c1-

1668 1349 1682 1456 'l
