1682 3068
126 144 128 149 ’
183 131 287 185 312,
653 122 727 170 nr.
759 119 1147 172 mscx'r‘rhna

151 270 154 271 ⁷
191 255 293 293 tum
319 243 429 293 else:
473 261 621 293 veram
650 245 903 294 felicitatem
935 264 1027 296 non
1056 249 1321 310 contingere
1355 247 1585 307 habendis,‘

191 311 379 370 vtendis,
407 312 601 360 fruendis
629 314 762 362 rebus
791 318 1019 380 corporeis
1055 327 1100 362 et
1127 314 1266 374 fluxis,
1298 316 1473 372 diuitiis,
1504 319 1584 364 ho·

192 379 391 434 floribus,
419 381 737 446 voluptatibuS,
768 381 841 429 sed
861 380 945 430 effe
966 402 989 430 a
1011 382 1142 429 rebus
1163 383 1462 439 inuifibilibus,
1495 400 1587 430 cer·

192 451 248 495 tis
285 460 333 495 et
360 451 559 505 πῖθι-οἱς,
590 467 692 497 vera
721 452 888 515 pietate
917 453 961 497 in
980 455 1143 507 Deum,
1175 469 1328 500 amore
1347 462 1394 499 et
1414 449 1586 507 fiducia,

194 525 314 563 certa
343 517 416 580 spe
435 518 548 563 vitae
571 527 785 574 aeternae,
822 516 940 564 bona
970 519 1235 567 conscientia
1267 530 1349 569 cet.
1368 520 1588 567 miseriam

193 594 349 631 contra
368 600 461 630 non
482 581 568 630 effe
585 602 608 631 a
629 594 901 650 paupertate,
922 587 1336 644 humilitate'sortiS,
1367 585 1590 634 similibus·

194 668 296 715 que,
329 649 402 697 sed
422 654 467 697 in
487 654 732 713 ignorantia
751 670 899 699 rerum
922 654 1175 700 diuinarum
1209 654 1423 720 verbique
1442 653 1591 710 diuini,‘

193 721 244 767 in
271 717 508 773 erroribuS,
535 721 671 775 vitiis,
706 720 1044 784 cupiditatibus:
1079 723 1212 778 item,
1242 740 1389 770 veram
1417 720 1590 768 liberta-

193 796 287 833 tem
317 784 413 842 effe,
441 803 543 833 cum
571 787 748 834 obedias
771 787 943 849 legibus
973 787 1134 835 diuinis
1155 802 1201 835 et
1233 789 1416 837 obedire
1444 786 1591 852 poffis,

197 870 301 901 cum
315 856 362 900 in
382 852 597 919 potestate
624 855 783 902 habeas
811 855 1084 919 cupiditateS,
1119 872 1205 904 nec
1231 859 1282 903 iis
1303 857 1357 905 ab
1382 855 1590 903 obedien·

197 924 257 969 tia
286 938 390 983 erga
425 926 592 978 Deum,
622 933 667 970 et
696 923 749 970 ab
780 921 945 980 officio,
978 925 1111 970 etiam
1140 935 1296 972 contra
1315 924 1592 981 voluntatem

197 1000 243 1036 et
259 987 542 1054 propositum
561 993 707 1047 animi,
743 990 1032 1055 detorqueam
1054 1002 1138 1039 cet.
1162 996 1298 1039 maius
1321 992 1486 1039 malum
1507 988 1592 1036 effe

195 1058 245 1103 in
263 1058 416 1103 iniuria
435 1057 646 1113 facienda,
679 1076 809 1122 quam
830 1061 874 1105 in
894 1057 1107 1123 patienda,
1141 1050 1368 1124 longeque
1395 1060 1591 1105 melior-is

198 1124 473 1172 conditionis
496 1123 597 1180 effe,
627 1128 707 1190 qui
737 1128 939 1190 patiatur,
973 1143 1106 1190 quam
1127 1129 1204 1190 qui
1223 1127 1399 1174 fecerit:
1433 1136 1593 1181 contu·

196 1193 374 1239 meliam
405 1209 498 1239 non
529 1192 712 1239 haerere
740 1196 785 1240 in
815 1210 883 1252 eo,
913 1197 986 1240 cui
1010 1210 1091 1257 per
1116 1195 1316 1242 iniuriam
1336 1194 1421 1249 fiat,
1453 1192 1594 1240 sedin

198 1277 254 1307 eo
279 1262 442 1323 potius,
477 1261 554 1323 qui
574 1261 784 1308 intulerit.
803 1271 888 1308 cet.
958 1260 1042 1307 Sed
1059 1261 1282 1325 explicatis
1300 1261 1501 1308 sensuum
1519 1276 1597 1321 ge-

198 1328 403 1383 neribus,
430 1325 763 1392 propofitisque
789 1332 916 1375 vnius
946 1331 1160 1392 cuiusque
1190 1330 1360 1389 generis
1387 1326 1597 1391 exemplis

197 1395 472 1461 praecipuis,
505 1394 763 1443 accedamus
791 1394 844 1441 ad
871 1394 936 1443 id,
976 1397 1023 1442 in
1055 1413 1147 1460 quo
1173 1409 1304 1459 caput
1333 1397 1397 1442 rei
1422 1393 1595 1442 videtur

199 1461 357 1521 ineffe‚
390 1472 440 1509 vt
468 1462 670 1510 sensuum
698 1463 852 1510 talium
883 1461 1244 1515 assumendorum,
1266 1465 1377 1510 ratio
1411 1460 1595 1509 demon-

198 1529 370 1578 stretur.
439 1533 493 1576 In
522 1548 612 1595 quo
640 1533 851 1597 primum,
882 1530 998 1577 vnde
1027 1529 1265 1578 affumendi
1293 1528 1389 1587 sint,
1425 1528 1598 1585 deinde,

200 1597 433 1664 quomodo
455 1595 605 1645 assumi
623 1599 786 1662 poffi'nt
803 1616 853 1646 ac
874 1597 1078 1655 debeant,
1107 1596 1397 1644 ostendemus.

310 1682 384 1728 19.
414 1668 614 1713 Omnino
638 1666 788 1713 fontes
825 1665 928 1711 sunt
956 1665 1066 1719 duo,
1104 1681 1129 1709 e
1160 1664 1320 1728 quibus
1349 1662 1495 1710 sensus
1532 1660 1620 1711 isti.

201 1732 431 1781 hauriendi
458 1731 712 1789 videantur3
746 1749 937 1797 quorum
966 1733 1074 1778 alter
1102 1732 1148 1776 in
1167 1731 1255 1795 ipsa
1275 1742 1430 1778 natura
1446 1747 1598 1778 rerum

203 1800 438 1848 communi
472 1800 598 1856 latet,
641 1802 823 1847 rationis
853 1816 990 1863 opera
1024 1798 1372 1863 patefaciendus:
1413 1797 1523 1845 alter
1549 1799 1598 1856 in

199 1869 429 1932 scripturis
455 1867 616 1915 diuinis
644 1877 788 1933 patet,
815 1865 1006 1914 retessus
1034 1867 1209 1930 penitus
1236 1882 1319 1930 per
1341 1865 1598 1929 prophetas,

201 1935 349 1984 Iesum
372 1933 594 1986 Christum
616 1935 776 1999 ipsum,
811 1946 857 1981 et
877 1933 1115 1999 Apostolos
1135 1935 1241 1980 eius.
1309 1937 1379 1979 Ac
1397 1934 1598 1997 primum

186 2003 350 2050 vsensus·
369 2005 477 2050 tales
494 2021 519 2050 a
537 2020 699 2060 rerum,
726 2002 780 2050 ad
802 2019 905 2066 quas
925 2004 1160 2064 pertinent,
1190 1999 1344 2047 natura
1363 2002 1507 2065 repeti
1527 1999 1601 2046 de·

205 2069 324 2127 bere,
357 2072 548 2131 intelligi
576 2068 721 2135 potest
753 2088 804 2117 ex
831 2071 921 2134 ipsa
947 2069 1148 2116 sensuum
1176 2066 1327 2115 indole
1354 2084 1405 2114 ac
1433 2077 1602 2119 natura.

202 2141 331 2185 Nam
357 2136 498 2203 quum
519 2141 564 2186 in
586 2142 636 2184 iis
658 2136 711 2184 fit
731 2141 911 2202 proprie
932 2137 1044 2183 nihil
1061 2135 1191 2191 aliud,
1221 2152 1357 2200 quam
1377 2134 1432 2180 de
1452 2137 1600 2199 pretio

203 2208 269 2255 rei
288 2207 498 2271 cuiusque
527 2215 572 2252 et
600 2205 811 2266 dignitate
833 2205 1028 2259 naturali,
1061 2215 1157 2252 tum
1175 2220 1257 2268 per
1273 2203 1327 2259 se,
1358 2212 1456 2250 tum
1476 2218 1601 2248 com-

204 2283 359 2338 parate
380 2291 481 2320 cum
501 2273 709 2320 felicitate
742 2271 896 2328 nostra,
930 2271 1158 2327 iudicium,
1188 2285 1376 2318 mouens
1402 2274 1603 2316 animum
1677 2298 1682 2303 «

206 2343 258 2388 in
285 2353 519 2405 Vtramque
550 2352 744 2405 partem:
789 2338 1134 2387 fundamentum
1169 2354 1326 2393 eorum
1361 2336 1476 2383 aliud
1503 2335 1602 2393 effe,

142 2423 144 2425 ’
206 2425 339 2472 quam
360 2411 408 2457 in
441 2411 528 2472 ipsa
555 2426 703 2456 rerum
724 2419 892 2462 natura,
920 2423 1012 2454 non
1036 2403 1194 2470 potest.
1263 2403 1348 2452 Sed
1368 2405 1420 2452 ab
1446 2414 1600 2451 natura

205 2492 357 2523 rerum
380 2475 523 2524 sensus
544 2475 688 2523 restos
722 2475 895 2531 ducere,
928 2474 972 2522 id
989 2477 1173 2539 proprie
1201 2471 1265 2519 est
1281 2472 1604 2533 intelligentiae

209 2559 340 2607 opus,
371 2554 572 2591 naturam
604 2545 726 2592 illam
756 2544 1074 2606 cognoscentis,
1107 2552 1153 2589 et
1173 2543 1266 2587 eius
1291 2542 1602 2600 cognitionem

209 2608 266 2658 ad
294 2614 491 2679 pretium
522 2629 672 2661 earum
702 2629 752 2660 ac
777 2614 867 2662 vim
886 2609 939 2660 ad
966 2610 1222 2659 felicitatem
1241 2604 1603 2657 constituendum

1558 2684 1611 2724 et
