1682 3068
176 170 243 222 84
743 149 978 211 *An‘rl

173 291 377 330 mentum
397 279 543 328 habet.
577 284 699 329 Nam
722 282 1034 332 sacrificiorum
1058 288 1241 333 nomine
1261 283 1439 352 possunt
1449 289 1584 347 etiam

173 349 364 410 intelligi
384 366 563 413 preceS,
596 349 742 398 laudes
764 349 965 410 diuinae,
1002 353 1252 400 oblationes
1275 357 1396 418 panis
1419 358 1583 410 etvini,

172 434 286 483 quae
305 415 508 463 sacrificia
527 420 671 464 vocari
700 436 724 464 a
744 419 991 475 veteribus,
1034 422 1107 485 qui
1136 432 1294 483 neget,
1330 420 1443 470 nibil
1479 424 1583 471 sciat

171 481 342 531 necesse
363 481 443 540 est,
471 496 516 530 et
538 483 597 531 est
618 487 745 550 supra
767 485 1130 535 demonstratum.
1190 494 1292 534 Nec
1313 490 1439 536 locus
1457 490 1584 547 alter,

171 569 199 599 e
219 552 336 600 libris
358 563 516 599 contra
539 552 731 610 Celsum,
771 555 832 601 illi
853 555 1016 618 aliquid
1038 555 1211 602 roboris
1236 555 1480 613 addiderit3
1534 561 1582 605 in
1670 611 1672 619 Ι

171 637 261 685 quo
293 615 507 675 ChristuS,
559 630 607 666 vt
635 620 829 669 summus
862 622 1088 678 Pontifex,
1137 640 1284 685 preces
1309 633 1352 671 et
1369 624 1580 687 sacrificia
1666 628 1682 686 ἐ

171 688 315 751 nostra
339 687 590 754 Deofistere
612 687 789 747 dicitur,
831 691 856 736 i.
880 707 915 735 e.
937 689 1276 746 commendare,
1317 691 1498 754 vimque
1528 695 1579 739 iis
1666 682 1682 715 '²

170 755 356 802 addere:
405 755 526 818 quod
548 754 751 819 profesto
772 756 964 803 alienum
990 754 1062 814 fit,
1106 759 1358 818 intelligere
1390 758 1445 805 de
1474 760 1580 824 ipso,
1643 741 1682 833 ξ

171 834 218 870 et
241 823 297 869 de
318 819 451 868 hostia
472 826 674 885 corporis
695 826 810 878 eiuS,
851 841 874 870 a
903 824 1128 871 sacerdote
1158 825 1406 873 immolata:
1450 844 1578 890 quae,
1666 879 1669 882 Α

171 889 200 943 fi
219 889 354 937 literis
374 889 500 936 sacris
521 889 628 936 fides
649 888 710 937 est
730 891 849 955 apud
868 895 1107 946 Romanos,
1140 909 1233 939 non
1251 892 1422 954 indiget
1437 897 1580 959 aliqua
1652 909 1678 923 ’ν

169 957 563 1006 commendatione
582 968 629 1005 et
651 959 973 1023 deprecatione.
1011 960 1252 1007 Enimuero
1273 976 1348 1006 eae
1360 976 1514 1023 preces
1531 974 1578 1008 et
1651 1011 1655 1021 ,
1675 956 1678 963 ¹

167 1023 371 1073 vistimae
394 1024 492 1072 sunt
511 1024 859 1073 Christianorum
880 1028 1092 1081 omnium,
1114 1043 1207 1073 non
1226 1026 1577 1076 sacrificulorum
1660 1027 1672 1084 ἓ

167 1093 324 1150 modo,
345 1102 392 1140 vt
411 1104 646 1141 contextus
659 1095 790 1158 plane
802 1094 1010 1141 declarat:
1033 1111 1147 1158 quae
1159 1091 1578 1158 profeRoindigent

168 1159 564 1209 commendatione
575 1161 629 1207 ad
641 1161 835 1208 dextram
851 1163 935 1207 Dei
956 1161 1143 1209 sedentis
1157 1165 1407 1209 Seruatoris
1427 1162 1576 1211 nostri.

259 1225 490 1275 Hastenus
513 1230 627 1276 nihil
648 1231 693 1275 in
715 1227 1005 1293 scriptoribus
1028 1230 1165 1276 trium
1184 1232 1389 1294 priorum
1410 1230 1578 1278 seculo-

165 1312 267 1347 rum
297 1308 552 1361 repertum,
603 1295 725 1362 quod
750 1299 1059 1359 antiquitatem
1091 1300 1318 1343 Romanae
1351 1299 1575 1362 opinionis

164 1362 336 1412 firmet:
391 1374 436 1410 et
461 1361 594 1410 restat
623 1380 759 1419 vnus,
813 1365 888 1427 qui
913 1363 966 1409 ad
1004 1361 1309 1412 testimonium
1338 1356 1577 1424 dicendum

109 1451 112 1452 ⁷
201 1428 456 1487 roducitur,
510 1430 768 1495 Cyprianus,
821 1431 947 1476 cuius
987 1430 1118 1477 verba
1156 1431 1259 1478 sunt
1301 1428 1572 1496 speciosiora.
1617 1451 1631 1463 -’
1656 1475 1666 1483 ⁴

164 1449 254 1545 {ed
276 1499 401 1545 hunc
421 1515 604 1562 quoque
625 1498 735 1544 nihil
755 1495 937 1544 statuisse
958 1497 1179 1544 diuersum
1216 1516 1238 1544 a
1261 1497 1573 1562 superioribus,
1680 1503 1682 1517 '

167 1567 462 1631 inprimisque
494 1564 771 1622 Tertulliano,
825 1565 895 1612 vel
934 1565 1044 1612 illud
1073 1567 1239 1625 arguit,
1290 1567 1411 1629 quod
1450 1564 1575 1614 hii'n‘c

165 1631 424 1696 magistrum
467 1633 594 1680 suum
638 1642 791 1686 vocat,
858 1633 984 1678 cuius
1025 1631 1294 1695 disciplinam
1338 1632 1574 1695 diligenter

166 1701 385 1765 sequatur.
459 1702 617 1763 Itaque
637 1697 667 1744 si
687 1698 793 1763 quid
814 1698 1001 1763 amplius
1024 1697 1168 1745 dicere
1189 1699 1408 1755 videatur,
1439 1697 1570 1766 quam

86 1772 96 1780 '
166 1771 215 1817 in
234 1766 351 1814 istius
374 1765 494 1813 libris
515 1767 570 1813 de
589 1765 801 1813 sacrificiis
825 1764 1172 1813 Christianorum
1191 1767 1389 1824 traditur,
1409 1768 1465 1824 id,
1484 1761 1570 1834 pro

167 1837 349 1899 ingenio
371 1835 567 1881 hominis
588 1833 800 1897 Africani,
849 1830 1018 1879 digium
1039 1834 1211 1891 durius,
1256 1833 1329 1880 sed
1349 1837 1491 1883 lenius
1524 1834 1571 1894 et

167 1921 194 1951 c
221 1904 464 1951 Tertulliani
484 1901 706 1966 disprlina
726 1899 1030 1964 explicandum
1054 1901 1241 1966 videtur.
1310 1904 1366 1949 Et
1401 1906 1570 1968 primu's

166 1969 350 2036 quidem
372 1971 497 2016 locus
516 1987 540 2017 a
553 1970 799 2018 Muratorio
809 1965 1063 2032 propositus
1083 1967 1143 2014 est
1155 1986 1205 2015 ex
1218 1967 1409 2033 Epistola
1424 1974 1570 2027 LXllI.

167 2038 220 2087 ad
241 2039 486 2093 Caecilium,
523 2039 568 2084 in
591 2055 675 2100 qua
697 2038 917 2101 primum,
961 2038 1148 2101 Christus
1166 2037 1266 2083 Deo
1291 2040 1420 2086 Patri
1430 2038 1569 2103 sacri—

153 2107 300 2172 ficium
330 2105 534 2169 obtuliſjb,
591 2104 770 2158 dicitur,
813 2107 915 2150 idem
945 2110 1055 2168 quod
1079 2105 1412 2168 Melchifi’decus,
1470 2110 1494 2153 i.
1531 2125 1565 2154 e.

154 2192 312 2242 panem
331 2182 370 2220 et
390 2177 548 2227 vinum,
563 2172 852 2236 suumfiilicet
874 2189 1023 2233 corpus
1043 2175 1365 2237 ctsanguinem:
1394 2171 1568 2232 deinde,

164 2246 269 2290 idem
282 2241 391 2304 fieri
411 2245 450 2287 in
468 2241 544 2303 sui
571 2243 1010 2296 commemorationem,
1041 2241 1319 2304 praecepisti:
1362 2239 1568 2304 denique,

98 2327 111 2343 ⁵
151 2310 410 2374 sacerdot-‘rm
440 2313 524 2355 vice
547 2308 699 2373 Chrg'sti
727 2324 824 2354 vere
840 2307 994 2372 fungi,
1034 2312 1105 2371 qui
1132 2307 1336 2370 Chmstum
1367 2312 1566 2364 imitetur,

167 2385 210 2424 et
218 2376 471 2440 sacrificium
491 2393 632 2423 verum
654 2384 696 2422 et
709 2377 874 2436 plenum
893 2379 935 2421 in
957 2377 1133 2440 Ecclesia
1153 2376 1302 2441 offerre
1317 2377 1412 2429 Deo
1425 2378 1565 2424 Patri.

164 2439 291 2490 Huic
309 2453 457 2489 autem
478 2443 581 2489 loco
599 2439 752 2488 'similia
772 2441 872 2488 sunt
892 2453 1058 2498 cetera,
1102 2445 1144 2487 in
1166 2441 1325 2505 quibus
1345 2445 1565 2492 Dominica

147 2510 361 2575 sacrificia
391 2520 828 2567 commemorantur,
873 2521 920 2555 et
938 2510 1186 2573 sacrificium
1208 2511 1362 2572 christi
1393 2511 1563 2568 (sermo
1647 2547 1679 2566 -,

161 2589 308 2625 autem
330 2574 390 2622 est
410 2578 464 2622 de
486 2581 525 2622 S.
549 2580 720 2637 Coena)
750 2588 798 2623 et
818 2579 1062 2625 Dominicae
1080 2579 1233 2642 hostiae
1253 2580 1316 2637 (in
1333 2580 1372 2622 S.
1395 2580 1563 2640 Coena)
1648 2568 1678 2652 'i

158 2649 340 2701 veritas,
375 2644 680 2707 etfizcrzficium
693 2662 781 2705 pro
803 2646 1085 2692 Dormitibne.
1131 2646 1182 2689 In
1204 2645 1271 2691 his
1292 2661 1428 2692 vnum
1450 2646 1560 2692 illud
1643 2654 1677 2704 ff

1376 2711 1558 2777 respon·
