1682 3068
158 174 222 221 88
600 221 606 229 ¹
745 185 982 218 Anu-1

159 289 307 346 Italia,
338 290 493 336 vinum
517 288 842 348 bibitmerum,
869 291 944 340 sed
961 293 1132 360 semper
1151 294 1490 360 aqua'mixtum,
1517 305 1566 341 et

160 358 342 423 quidem
364 359 443 410 ita,
483 369 531 404 vt
554 357 645 404 fere
665 359 764 422 plus
786 378 922 423 aquae
942 360 1068 417 esset,
1101 371 1234 425 quam
1257 363 1357 408 vini.
1403 361 1469 410 ου’
1484 362 1564 423 φίν-

84 484 86 486 v
163 445 221 492 ςει
251 422 312 474 τοὶ
341 425 463 490 τςία,
516 427 740 475 Graecum
769 427 831 475 est
859 429 913 475 de
944 433 1049 477 vino
1079 447 1175 476 non
1204 431 1301 476 satis
1330 427 1566 479 bono-aut

164 491 383 554 generoso
405 489 572 540 distum
586 530 598 549 ,
636 493 681 540 h„
701 514 737 543 e.
773 500 897 544 cuius
917 500 991 546 vni
1020 497 1202 545 sextario
1225 513 1318 543 non
1338 497 1457 544 terni·
1477 496 1563 543 sex-

163 563 261 607 tarii
293 577 434 624 aquae
471 561 692 608 admisceri
728 562 923 628 possent,
989 566 1101 613 salua
1138 566 1300 628 saporis
1345 564 1568 614 suauitate·

163 630 511 692 intemperantis
534 630 727 678 hominis
745 633 1007 696 putabatur,
1041 649 1217 679 merum
1237 630 1410 679 bibere:
1444 629 1567 695 quod

164 693 229 742 est
258 713 283 741 a
310 693 484 743 Christo
513 706 559 743 et
586 697 808 761 Apostolis
840 700 1158 747 alieniffimum.
1250 703 1298 745 In
1331 700 1424 746 vini
1455 715 1566 759 ergo

166 762 307 810 verbo
329 773 500 810 veteres
521 764 692 828 semper
710 785 867 829 aquam
891 766 1117 815 admistam
1137 768 1404 826 intelligunt.
1482 763 1568 812 Sed

165 841 317 878 tamen
345 829 465 878 reae
497 831 641 879 feeiffe
659 836 888 883 Lutlzerum
921 837 969 883 in
997 853 1132 900 aquae
1156 835 1231 882 vsu
1261 833 1465 882 tollendo
1484 835 1569 882 exi-

164 896 318 945 stimo:
362 911 621 963 propterea,
664 901 785 966 quod
813 921 922 966 aqua
950 906 994 949 in
1016 906 1120 951 vino
1142 901 1436 950 Eucharistico
1470 914 1567 949 non

165 967 296 1013 aliam
317 965 376 1013 ob
397 966 579 1015 caussam
600 968 706 1025 fuit,
727 988 856 1034 quam
879 971 998 1035 quod
1020 989 1118 1018 mos
1139 968 1268 1028 effet,
1299 971 1453 1017 vinum
1472 984 1568 1015 non

164 1034 291 1081 aliter
320 1033 497 1092 bibere,
536 1036 657 1100 quod
682 1037 797 1102 apud
820 1056 902 1085 nos
922 1038 1043 1086 secus
1066 1038 1149 1094 est,
1186 1041 1262 1102 qui
1286 1039 1439 1084 vinum
1478 1034 1570 1083 fine

164 1118 278 1166 aqua
296 1099 514 1160 bibimus,
558 1102 650 1151 sine
678 1104 964 1170 turpitudinis
988 1117 1114 1153 nota:
1153 1123 1301 1168 neque
1321 1105 1411 1151 vllo
1430 1101 1568 1151 modo

166 1167 356 1216 dubitari
389 1169 554 1234 potest,
595 1173 722 1234 quin,
777 1171 807 1219 si
833 1173 901 1220 his
931 1176 976 1221 in
1006 1176 1134 1221 terris
1164 1171 1360 1221 Christus
1395 1168 1572 1224 vixisset,

166 1247 214 1283 et
236 1234 545 1285 Eucharistiam
565 1239 818 1298 instituisset,
838 1258 1012 1288 merum
1035 1241 1222 1288 daturus·
1240 1241 1382 1287 fuerit.
1416 1242 1571 1301 Itaque

165 1306 278 1352 mihi
308 1304 486 1370 semper
504 1306 715 1354 ridiculus
736 1308 849 1356 visus
881 1307 942 1355 est
966 1310 1220 1374 Wagstaffii‚
1255 1309 1423 1363 Batti,
1464 1307 1571 1353 alio-

164 1389 358 1437 rumque
381 1376 690 1422 Britannorum
711 1386 915 1432 conatus,
945 1393 1082 1438 aquae
1099 1377 1219 1422 vsum
1240 1376 1284 1422 in
1306 1370 1574 1420 Eucharistia

165 1457 382 1489 reuocare
411 1443 705 1495 tentantium,
751 1460 885 1504 quem
917 1444 1030 1489 male
1057 1441 1272 1499 abolitum
1302 1440 1356 1488 ab
1375 1441 1571 1488 veritatis

168 1509 463 1568 Euangelicae
491 1507 854 1558 instauratoribus
879 1510 1115 1574 putabant,
1159 1512 1433 1572 miratusque
1464 1507 1571 1562 sum,

167 1593 246 1623 eos
269 1592 362 1622 non
380 1588 427 1623 et
445 1576 535 1623 hoc
555 1575 807 1639 postulasse,
844 1589 894 1624 vt
925 1577 1238 1624 accumbentes
1262 1575 1573 1639 'acciperemus

167 1660 333 1707 corpus
362 1645 687 1698 Dominicumz'
726 1646 930 1709 inprimis
952 1644 1061 1690 'cum
1091 1646 1226 1690 etiam
1256 1643 1402 1703 frangi
1434 1642 1573 1689 velint

165 1726 328 1776 panem
357 1712 404 1756 in
423 1710 695 1759 Eucharistia
724 1712 891 1760 Caluini
918 1709 1176 1760 seRatores:
1219 1713 1319 1775 quia
1348 1729 1371 1757 a
1393 1707 1570 1756 Christo

165 1775 434 1826 fraRusest:
478 1777 593 1842 quafi
615 1779 902 1834 nesciremus,
939 1779 984 1826 id
1006 1796 1097 1825 non
1118 1777 1280 1826 fastum
1305 1778 1488 1824 alicuius
1506 1777 1573 1824 rei

167 1843 475 1907 significandae
506 1845 664 1900 caussa,
706 1847 779 1893 sed
799 1849 899 1912 quia
920 1849 1072 1893 cultris
1102 1848 1150 1892 in
1175 1846 1327 1894 coenis
1353 1863 1449 1892 non
1480 1855 1571 1895 vte-

167 1912 353 1970 bantur,
386 1923 436 1960 vt
459 1930 601 1972 nunc,
626 1915 822 1961 Orientis
844 1916 1011 1979 populi.

272 1984 326 2027 In
352 1983 574 2045 principio
596 1983 730 2030 huius
752 1981 1055 2047 disputationis
1085 1980 1140 2028 de
1170 1979 1377 2028 sacrificio
1404 1978 1574 2026 Eucha-

169 2045 337 2105 ristico,
379 2048 567 2096 mirifice
594 2049 635 2096 se
667 2047 795 2097 ia3at
814 2053 1085 2099 Muratorius
1111 2051 1157 2096 in
1177 2066 1254 2104 eo,
1294 2047 1416 2112 quod
1444 2050 1486 2094 Ι.
1517 2048 1574 2094 E.

170 2117 375 2172 Grabius,
406 2119 474 2163 vir
495 2119 767 2182 antiquitatis
787 2115 1103 2164 Ecclefiasticae
1123 2114 1416 2180 peritiffimuS‚
1439 2130 1576 2175 agno·
1604 2156 1606 2160 ,

166 2186 281 2231 verit
310 2181 503 2230 sacrificii
531 2187 860 2250 antiquitatem,
909 2187 1185 2248 minimeque
1211 2182 1492 2248 probauerit,
1528 2178 1575 2227 id

169 2267 195 2296 e
218 2247 556 2298 Protestantium
586 2251 786 2300 Ecclesiis
813 2270 895 2317 per
915 2255 1098 2301 Lutlzeri
1118 2263 1163 2298 et
1185 2252 1349 2300 Caluini
1375 2265 1574 2296 errorem

128 2361 132 2375 Χ
169 2315 257 2364 effe
277 2317 518 2373 sublatum,
555 2318 626 2371 sed
646 2323 846 2368 reuocari
869 2322 1079 2376 voluerit,
1119 2320 1164 2365 in
1185 2321 1304 2367 notis
1332 2317 1386 2365 ad
1408 2319 1576 2363 lrmaei

166 2389 332 2447 lv,32.
354 2386 402 2431 in
425 2402 559 2450 quam
581 2398 753 2451 partem
772 2389 940 2436 multos
962 2388 1101 2434 claros
1122 2387 1396 2434 inBritannia
1418 2383 1593 2430 Theo?

167 2453 299 2512 logos
319 2455 544 2516 procliues
562 2453 688 2503 fuiffe
708 2455 806 2503 satis
826 2454 1018 2511 constat,
1051 2466 1099 2502 vt
1116 2455 1192 2501 illo
1211 2454 1301 2517 ipso
1323 2455 1424 2499 ioco
1442 2450 1576 2498 tradit

172 2520 374 2567 Grabius.
444 2521 529 2567 Sed
551 2538 644 2569 non
667 2534 772 2580 erat,
791 2527 927 2586 quare
946 2533 1182 2587 tantopere
1203 2523 1467 2582 gloriaretur
1486 2519 1576 2565 hoc

169 2587 360 2633 nomine
388 2588 676 2638 Muratorius.
774 2593 954 2639 Etenim
996 2591 1133 2651 longe
1169 2587 1288 2637 aliud
1319 2585 1575 2636 sacrificium

173 2651 258 2709 est,
294 2652 421 2718 quod
438 2655 659 2704 Britannis
678 2658 846 2723 placet:
895 2657 1006 2707 illud
1026 2658 1251 2720 videlicet,
1283 2655 1408 2722 quod
1436 2652 1499 2700 est
1528 2655 1576 2731 in

1446 2738 1574 2786 panis
