1682 3068
206 168 300 217 190
511 165 786 198 vmmcum
831 168 1084 201 anan-1³11
1128 162 1308 207 unnim

200 271 474 342 appellandis
496 273 776 339 vsurpamus,
813 273 940 325 dubia
961 276 1287 325 consuetudine
1315 295 1340 326 a
1358 279 1603 331 veterrimis

199 341 421 393 Ecclesiae
439 341 740 405 temporibus,
773 359 884 407 quae
901 342 945 393 id
966 344 1112 410 ipsum
1133 362 1186 391 ex
1203 351 1462 412 incorrupta
1481 360 1604 397 vete·

199 415 259 462 ris
279 410 481 458 Iudaicae
503 407 718 458 Ecclesiae
734 408 958 477 disciplina
983 407 1135 461 hamt.
1233 416 1353 466 Nam
1384 415 1519 466 etiam
1546 415 1604 464 sic
1681 451 1682 460 ,

199 481 273 527 vel
303 479 602 535 docebantur,
641 477 711 525 vel
746 476 1123 540 admonebantur,
1163 472 1291 547 ὃῶςον
1317 479 1403 529 effe
1430 481 1604 533 beatam

198 549 319 596 illam
338 548 472 595 vitam
484 583 495 603 ,
531 544 798 594 beneficium
817 549 1060 608 gratuitum
1074 584 1086 605 ‚
1118 551 1164 596 in
1183 566 1276 613 quo
1297 545 1387 598 sola
1405 546 1604 611 benigni-

201 628 268 663 tas
298 613 447 662 diuina
473 623 747 671 cerneretur,
816 615 936 662 nulla
963 617 1104 662 veluti
1132 613 1349 668 mercedis
1377 616 1602 667 necessitas

197 684 388 739 valeret,
428 693 503 730 aut
528 676 784 730 coniunstio
807 682 1023 746 quaedam
1052 684 1261 731 naturalis
1290 701 1342 731 ac
1367 684 1601 734 necessaria

201 768 306 800 cum
328 748 576 800 officiorum
599 750 938 799 conseruatione
956 751 1292 813 intelligeretur.

307 830 378 875 18.
417 818 501 866 Sed
511 817 648 866 deilla
657 819 744 882 ipsa
756 818 984 878 felicitate,
1005 831 1118 886 quae
1135 830 1374 867 etamorte
1386 821 1603 885 corporis,

201 898 248 937 et
265 886 329 942 ab
346 896 562 934 reuocato
588 889 635 933 in
653 888 789 933 vitam
822 904 1014 952 corpore
1041 887 1264 953 speratur,
1313 880 1391 934 etsi
1417 903 1515 935 non
1538 889 1603 935 ita
1671 886 1677 893 ”

198 955 334 1017 nobis
361 955 433 1003 vel
459 954 598 1001 literis
629 953 790 1001 diuinis
828 955 1037 1003 traditum
1065 952 1147 1012 est,
1211 955 1280 1003 vel
1317 952 1602 1021 perspestum

198 1024 393 1079 ratione,
435 1033 483 1068 vt
495 1059 507 1079 ,
523 1016 680 1086 'qualis
701 1039 751 1068 ea
768 1021 915 1069 futura
934 1021 1004 1079 sit,
1046 1023 1179 1089 plane
1196 1021 1481 1089 perfesteque
1499 1022 1602 1069 scia-

197 1108 324 1140 mus:
361 1087 577 1137 hastenus
598 1098 747 1136 tamen
768 1089 1040 1137 eius‘natura
1059 1090 1189 1138 nobis
1209 1088 1427 1155 patefasta
1447 1087 1522 1148 est,
1550 1098 1602 1137 vt

195 1159 388 1219 intelligi
410 1156 541 1222 possit
554 1193 565 1214 ,
596 1173 695 1204 eam
716 1174 808 1205 non
827 1155 911 1205 esse
929 1175 1034 1205 cum
1052 1161 1218 1207 virtute
1238 1158 1426 1205 naturali
1445 1159 1525 1212 ita,
1551 1167 1603 1204 vt

199 1224 361 1286 effesta
380 1242 481 1272 cum
501 1223 653 1272 caussis
683 1224 767 1273 suis
795 1225 958 1280 solent,
1000 1227 1267 1291 copulatam.
1361 1226 1602 1273 Rationem

196 1297 391 1362 primum
413 1291 653 1340 audiamus.
749 1296 814 1339 Ea
834 1311 940 1343 vero
958 1291 1059 1350 etfi,
1104 1297 1151 1340 in
1176 1296 1326 1341 animo
1344 1289 1538 1340 seiunfiio
1575 1308 1602 1338 a

199 1378 394 1427 corpore
412 1359 692 1425 sensibusque
713 1365 966 1423 corporeis,
996 1364 1068 1408 vix
1090 1360 1251 1425 aliquid
1277 1362 1487 1421 intelligit
1504 1359 1601 1406 feli»
1662 1418 1668 1422 .

199 1432 364 1484 citatis,
388 1426 465 1475 nisi
487 1428 610 1492 quod
628 1447 653 1476 a
674 1429 936 1476 conscientia
955 1427 1074 1476 reste
1095 1428 1328 1485 fastorum,
1357 1439 1405 1475 et
1423 1429 1603 1475 scientia

199 1515 353 1549 rerum
381 1496 627 1554 bonarum,
675 1498 860 1544 maxime
888 1497 1157 1553 diuinarum,
1205 1496 1415 1544 ducatur:
1466 1504 1603 1556 negat

200 1577 363 1621 tamen,
385 1582 433 1611 ea
453 1575 719 1611 contentum
743 1563 827 1612 esse
847 1563 900 1610 ad
920 1562 1070 1611 iustam
1092 1564 1348 1611 felicitatem
1368 1561 1492 1627 posse
1509 1563 1601 1609 ani·

199 1651 328 1684 mum
349 1633 619 1687 humanum,
666 1642 741 1678 aut
769 1632 931 1695 expleri
962 1633 1234 1678 aeternitatis
1249 1628 1602 1688 immensitatem,
1673 1635 1675 1639 “

201 1712 280 1751 aut
301 1700 456 1748 cadere
475 1716 574 1746 eam
594 1697 718 1763 posse
738 1700 785 1745 in
805 1709 978 1746 mentes
999 1715 1155 1745 eorum
1171 1734 1182 1754 ,
1225 1699 1300 1763 qui
1325 1697 1442 1745 diem
1472 1697 1602 1745 suum

200 1779 306 1817 ante
325 1767 555 1821 obierunt,
581 1783 735 1830 quam,
764 1767 886 1829 quod
911 1763 1086 1813 retium
1109 1764 1235 1823 esset,
1275 1767 1344 1813 vel
1363 1765 1492 1821 scire,
1530 1765 1602 1813 vel

198 1839 346 1888 facere
373 1832 567 1900 possent,
614 1844 748 1898 atque
776 1835 834 1879 ita
861 1833 1080 1880 felicitatis
1112 1832 1232 1880 istius
1252 1832 1459 1898 praesidia
1478 1848 1603 1880 com·

199 1921 367 1973 parare.
437 1907 567 1958 Quae
592 1900 692 1948 sunt
715 1901 882 1965 planius
901 1897 1179 1947 edisserenda.
1246 1903 1399 1947 Animi
1419 1901 1602 1947 humani

202 1993 229 2021 e
249 1988 440 2037 corpore
469 1967 623 2030 egressi
641 1971 772 2016 vitam
802 1970 934 2023 ratio,
980 1967 1052 2014 sua
1071 1967 1378 2033 perspicientia
1400 1968 1516 2023 nixa,
1554 1977 1604 2015 et

201 2044 379 2091 suarum
407 2034 743 2085 conclusionum
772 2034 932 2083 finibus
968 2035 1009 2081 se
1037 2038 1297 2092 continens,
1349 2049 1443 2083 non
1473 2035 1604 2083 aliam

202 2109 450 2168 intelligere
475 2102 642 2170 potest,
694 2121 823 2168 quam
853 2103 992 2168 qualis
1032 2104 1094 2152 est
1120 2106 1166 2151 in
1196 2104 1372 2151 mortali
1403 2117 1604 2168 corpore,

203 2194 310 2226 cum
332 2175 466 2222 nullis
485 2172 690 2219 sensuum
709 2182 757 2218 et
785 2189 935 2218 rerum
959 2183 1242 2220 externarum
1270 2168 1603 2236 impulsionibus

202 2254 442 2298 mouetur,
481 2254 531 2287 vt
557 2241 601 2287 in
624 2255 783 2301 magna
806 2238 1087 2287 tenebrarum
1114 2238 1397 2293 obscuritate,
1433 2247 1480 2289 et
1508 2237 1604 2285 alto

203 2310 349 2362 nostis
381 2309 573 2365 silentio,
627 2323 731 2354 cum
773 2307 883 2353 nihil
912 2309 1062 2354 animo
1090 2307 1374 2371 relinquitur,
1426 2314 1604 2369 praeter

203 2381 468 2429 memoriam
487 2390 637 2423 rerum
657 2385 987 2439 perceptarum,
1025 2385 1070 2421 et
1098 2374 1406 2422 conscientiam
1433 2388 1605 2428 eorum,

202 2465 319 2513 quae
340 2447 536 2506 egimus,
579 2459 690 2506 quae
710 2441 800 2506 ipsa
820 2442 1061 2489 memoriae
1084 2444 1150 2489 vis
1170 2438 1253 2497 est,
1297 2438 1491 2502 denique
1515 2441 1606 2500 agi-

204 2518 421 2563 tationem
451 2510 671 2575 quandam
697 2512 857 2556 mentis
896 2520 941 2556 et
968 2511 1317 2571 cogitationum,
1384 2523 1495 2569 quae
1527 2506 1605 2555 suo

202 2581 344 2631 modo
366 2577 529 2627 traElet
557 2595 627 2624 res
664 2576 787 2624 sensu
812 2588 890 2624 aut
918 2577 1098 2624 scientia
1131 2587 1232 2624 ante
1256 2573 1606 2637 comprehensas.

203 2654 243 2700 Ε
266 2650 347 2715 tali
371 2656 524 2694 autem
558 2647 646 2693 vita
673 2643 858 2695 felicitas
885 2644 1003 2692 nasci
1033 2643 1128 2693 sola
1154 2643 1263 2690 haec
1290 2638 1458 2706 potest,
1495 2653 1607 2707 quae
1680 2651 1682 2659 ⁴

295 2711 299 2714 ’
1506 2707 1609 2756 infit
