1682 3068
206 209 301 258 134
534 212 600 244 m:
632 214 966 247 rnansmvrm
1001 215 1259 247 conponis

201 335 356 383 noque
374 320 419 366 in
443 317 587 366 verbis
608 317 763 367 Christi
783 320 867 369 effe
895 301 1061 369 ilssrum
1089 322 1379 372 formularum
1398 324 1602 374 imitati&

202 404 310 434 nem
326 421 336 439 ‚
372 404 464 450 quo
487 386 614 434 valde
631 388 845 436 inclinant
863 393 1133 438 recentiores
1154 390 1430 439 Reformatae
1450 395 1602 441 Eccle-

203 453 287 502 fine
305 454 558 516 Theologi:
614 457 804 520 primum
825 492 836 512 ‚
879 460 1046 504 incerta
1076 455 1138 503 est
1166 468 1263 504 tota
1291 458 1362 504 illa
1382 458 1605 520 magistro-

205 539 308 570 rum
331 520 531 578 traditio,
564 522 712 570 saltem
733 522 968 581 haaenus,
1001 536 1066 581 vt,
1099 524 1193 572 illas
1214 524 1427 572 formulas
1449 526 1606 577 christi

208 600 353 638 aetate
373 587 541 636 vfitatas
562 589 676 637 etab
694 591 787 655 ipso
810 591 1030 656 vsurpatas
1052 590 1196 648 fuill'e,
1227 610 1312 656 pro
1336 605 1462 641 certo
1480 593 1609 642 adfir-

207 674 330 706 mare
349 673 442 704 non
472 658 616 704 liceat:
658 674 744 705 nec
776 676 851 706 eae
879 662 1061 723 proprie
1089 660 1142 705 ad
1168 660 1412 723 paschalem
1440 677 1608 723 agnum
1663 672 1669 683 ¹

207 724 507 791 pertinebant,
519 735 592 772 aut
603 736 891 790 praeceptum
906 725 1105 774 diuinum
1117 727 1356 775 habebant:
1391 744 1476 775 nec
1486 727 1609 776 deni-

209 810 300 857 que
321 790 556 840 similitudo
575 792 866 841 formularum
888 793 962 841 dat
983 806 1150 841 certam
1162 792 1344 842 caussam
1359 795 1610 857 colligendi,

209 861 396 908 alteram
420 858 574 907 fatiam
604 858 688 906 effe
714 860 766 907 ad
797 863 1091 908 imitationem
1117 863 1316 918 alterius;
1356 864 1613 927 praesertim

209 945 317 976 cum
338 925 571 975 habeamus
592 928 834 975 formulam
864 929 978 978 haud
1006 929 1158 993 paullo
1186 931 1444 989 certiorem,
1484 949 1508 979 a
1529 948 1615 996 qua

209 993 371 1046 Christi
391 994 521 1044 verba
541 992 670 1043 duaa
700 994 797 1049 effe,
837 998 897 1044 ita
925 996 1109 1044 euidens
1138 995 1219 1054 est,
1261 1009 1310 1044 vt
1337 1010 1493 1046 contra
1526 1000 1616 1046 dici

209 1063 326 1112 nihil
346 1062 499 1126 poffit,
539 1061 879 1127 mirandumque
900 1061 977 1123 fit,
1020 1066 1113 1111 eius
1132 1066 1427 1126 ignorantiam
1448 1077 1617 1113 tantam

211 1131 285 1178 vel
304 1128 451 1186 fuisse,
491 1131 561 1177 vel
581 1130 822 1178 simulatam
849 1130 956 1186 effe,
993 1142 1043 1179 vt
1072 1148 1170 1179 eam
1200 1149 1452 1196 nunquam,
1495 1132 1618 1198 quod

211 1197 397 1265 quidem
417 1199 612 1255 sciamus,
646 1200 693 1245 in
717 1199 801 1245 hac
827 1197 1127 1247 controuerfia
1144 1201 1385 1262 tetigerint.

317 1282 361 1328 9.
403 1264 489 1312 Sed
511 1267 591 1313 alia
609 1278 873 1326 argumenta
890 1269 988 1314 sunt
1008 1267 1253 1315 sententiae
1275 1266 1467 1324 nostrae,
1506 1283 1625 1331 quae

210 1336 379 1399 partim
397 1334 702 1380 ratiocinando
722 1351 772 1379 ex
800 1334 910 1382 locis
930 1336 1254 1398 Scripturarum
1281 1334 1524 1392 ducuntur,
1564 1333 1624 1381 ad

214 1404 418 1449 Coenam
436 1403 479 1448 S.
498 1400 844 1464 pertinentibus,
888 1402 1047 1466 partim
1078 1408 1103 1448 e
1122 1411 1276 1450 natura
1295 1404 1359 1449 rei
1378 1400 1532 1467 ipsius,
1573 1413 1624 1448 et

215 1470 451 1536 principiis
470 1467 783 1516 communibus
805 1471 977 1534 Vtrique
996 1472 1119 1533 parti.
1212 1470 1270 1515 Et
1298 1488 1324 1516 e
1350 1471 1496 1534 primo
1525 1470 1624 1534 qui·

220 1535 325 1583 dem
347 1553 512 1597 genere
540 1539 729 1583 maxime
751 1534 954 1584 vfitatum
986 1533 1070 1592 est,
1111 1535 1233 1600 quod
1265 1553 1291 1582 e
1317 1536 1459 1583 verbis
1483 1537 1625 1584 Paulli

224 1619 248 1652 1
278 1603 379 1652 Cor.
409 1620 482 1659 ιο,
513 1620 583 1661 ις.
602 1607 840 1667 repetitur,
873 1603 945 1651 vbi
971 1605 1095 1667 panis
1113 1604 1186 1649 ille
1200 1603 1518 1650 Eucharisticus
1541 1621 1626 1654 atoc-

219 1669 348 1720 νωνία.
366 1668 421 1723 ri}
437 1667 648 1734 σώματος
664 1669 718 1731 τῖς
735 1672 866 1735 >teas-2}
885 1671 1046 1717 dicitur
1057 1705 1068 1724 ,
1110 1674 1418 1718 communicatio
1435 1672 1503 1718 vel
1518 1689 1634 1734 par·->

220 1742 412 1800 ticipatio
433 1740 623 1800 corporis
635 1737 793 1799 Christi
803 1754 819 1784 .·
837 1754 1108 1802 quamquam
1120 1738 1165 1784 in
1183 1739 1232 1784 iis
1243 1738 1446 1802 plerique
1456 1737 1626 1786 nostro·

222 1823 327 1855 rum
349 1803 495 1867 (nard
513 1803 649 1871 ῥητὸν)
669 1803 826 1851 diserte
847 1803 982 1852 inesse
1009 1806 1165 1851 dicunt
1185 1803 1250 1862 id,
1281 1805 1404 1869 quod
1425 1801 1628 1852 defendi-

221 1889 348 1932 ωας,
389 1884 437 1920 et
463 1874 582 1920 illam
604 1873 974 1919 communionem
1006 1873 1366 1937 interpretantur*
1383 1874 1626 1921 coniunffio·

223 1960 316 1990 nem
327 1944 455 2003 panis
474 1958 561 1989 cum
587 1957 761 2002 corpore
782 1939 948 2007 Chrzsti.
1023 1942 1071 1987 In
1092 1956 1185 2004 quo
1204 1939 1333 1987 nobis
1353 1941 1482 1987 liceat
1501 1940 1556 1988 ab
1577 1942 1629 1988 iis

225 2007 473 2064 discedere,
503 2006 614 2055 salua
632 2017 884 2066 argumenti
903 2010 967 2061 vi;
1037 2024 1140 2054 cum
1162 2006 1282 2054 illam
1300 2008 1629 2073 interpretatio-

224 2093 358 2134 nem,
394 2087 444 2123 vt
464 2074 593 2122 nobis
614 2073 810 2130 videtur,
839 2092 924 2121 nec
946 2075 1124 2134 linguae
1143 2076 1337 2121 rationes
1359 2075 1456 2123 satis
1474 2075 1632 2130 ferant,

226 2159 315 2192 nec
336 2153 574 2191 contextus
597 2144 808 2189 orationis
820 2143 1049 2196 Paullinae‚
1069 2142 1218 2189 saltem
1240 2158 1332 2188 non
1346 2160 1394 2189 ea
1404 2142 1632 2190 euidentia

227 2210 306 2270 Iit,
357 2221 407 2258 vt
434 2209 552 2276 apud
579 2208 871 2256 aduersarium
904 2226 1051 2256 acrem
1079 2220 1124 2255 et
1147 2219 1328 2257 acutum
1356 2210 1632 2257 valeresatis

227 2277 405 2346 poffint.
503 2276 719 2342 Idemque
755 2275 931 2323 videtur
978 2275 1263 2324 iudicandum
1300 2275 1357 2323 de
1392 2278 1634 2342 antiquiori

229 2345 484 2394 nostrorum
514 2346 877 2409 interpretatione
891 2379 903 2399 ,
972 2361 1086 2407 quae
1124 2344 1393 2392 sumtionem
1426 2346 1634 2410 corporis

229 2411 394 2463 Christi
414 2429 517 2459 cum
542 2429 655 2474 pane
675 2412 893 2471 intelligit.
931 2413 1073 2459 Form.
1096 2411 1217 2459 Conc.
1227 2429 1277 2474 p.
1305 2422 1412 2471 8474
1431 2415 1490 2460 ed.
1512 2415 1635 2460 Rein.

230 2482 372 2530 Panis
388 2497 504 2545 quem
509 2481 757 2543 frangimus
778 2487 851 2526 cet.
870 2481 896 2524 i.
915 2495 951 2523 e.
973 2483 1043 2543 qui
1061 2495 1206 2539 panem
1224 2481 1321 2534 edit,
1341 2475 1490 2544 ἑόν-’μω
1511 2480 1636 2528 Chri-

222 2549 288 2613 sti
306 2552 413 2595 edit:
458 2564 571 2611 quae
591 2546 654 2594 est
685 2546 996 2610 interpretatio
1017 2547 1240 2595 Chemnitii
1252 2548 1382 2594 Fumi.
1408 2544 1453 2594 S.
1472 2546 1638 2594 Coenao

235 2632 269 2664 c.
291 2631 334 2671 9.
367 2624 414 2660 et
435 2612 562 2678 ipsius
585 2615 764 2662 Lutlzeri
784 2612 966 2675 Confeff
983 2617 1076 2660 moi.
1085 2608 1135 2675 p.
1151 2620 1212 2667 88
1221 2629 1258 2670 ς·
1278 2613 1638 2674 (T.1v.>Altenh.)

234 2683 319 2749 qui
339 2690 489 2730 tamen
507 2681 665 2730 melius
685 2693 733 2741 et
751 2678 933 2745 preffius
956 2679 1008 2727 ad
1020 2681 1385 2730 communitatem
1403 2680 1643 2730 sumtionis

1562 2747 1637 2798 vel
1668 2820 1674 2828 ,
