<?xml version="1.0" encoding="UTF-8"?>
<!DOCTYPE html PUBLIC "-//W3C//DTD XHTML 1.0 Transitional//EN"
    "http://www.w3.org/TR/xhtml1/DTD/xhtml1-transitional.dtd">
<html xmlns="http://www.w3.org/1999/xhtml" xml:lang="en" lang="en">
 <head>
  <title>
</title>
<meta http-equiv="Content-Type" content="text/html;charset=utf-8" />
  <meta name='ocr-system' content='tesseract 3.04.00' />
  <meta name='ocr-capabilities' content='ocr_page ocr_carea ocr_par ocr_line ocrx_word'/>
</head>
<body>
  <div class='ocr_page' id='page_1' title='image "./opusculatheologi00erneuoft_0504.png"; bbox 0 0 1682 3068; ppageno 0'>
   <div class='ocr_carea' id='block_1_1' title="bbox 217 184 1249 246">
    <p class='ocr_par' dir='ltr' id='par_1_1' title="bbox 217 184 1249 246">
     <span class='ocr_line' id='line_1_1' title="bbox 217 184 1249 246; baseline -0.012 -20"><span class='ocrx_word' id='word_1_1' title='bbox 217 190 317 246; x_wconf 66' lang='lat'>482</span> <span class='ocrx_word' id='word_1_2' title='bbox 576 189 642 220; x_wconf 74' lang='lat' dir='ltr'>m:</span> <span class='ocrx_word' id='word_1_3' title='bbox 683 185 992 218; x_wconf 65' lang='lat' dir='ltr'>LmRRTA‘rn</span> <span class='ocrx_word' id='word_1_4' title='bbox 1020 184 1249 216; x_wconf 69' lang='lat' dir='ltr'>INGENH</span> 
     </span>
    </p>
   </div>
   <div class='ocr_carea' id='block_1_2' title="bbox 219 287 1682 1306">
    <p class='ocr_par' dir='ltr' id='par_1_2' title="bbox 219 287 1682 891">
     <span class='ocr_line' id='line_1_2' title="bbox 219 287 1682 362; baseline -0.01 -11"><span class='ocrx_word' id='word_1_5' title='bbox 219 298 521 362; x_wconf 79' lang='lat' dir='ltr'>sareligionis,</span> <span class='ocrx_word' id='word_1_6' title='bbox 553 297 599 343; x_wconf 91' lang='lat' dir='ltr'>in</span> <span class='ocrx_word' id='word_1_7' title='bbox 625 293 753 342; x_wconf 85' lang='lat' dir='ltr'>sacris</span> <span class='ocrx_word' id='word_1_8' title='bbox 782 293 920 340; x_wconf 88' lang='lat' dir='ltr'>literis</span> <span class='ocrx_word' id='word_1_9' title='bbox 948 289 1306 356; x_wconf 72' lang='lat' dir='ltr'>interpretandis,</span> <span class='ocrx_word' id='word_1_10' title='bbox 1342 297 1387 336; x_wconf 86' lang='lat' dir='ltr'>et</span> <span class='ocrx_word' id='word_1_11' title='bbox 1414 291 1462 337; x_wconf 86' lang='lat' dir='ltr'>in</span> <span class='ocrx_word' id='word_1_12' title='bbox 1484 287 1625 338; x_wconf 62' lang='lat' dir='ltr'>omni·</span> <span class='ocrx_word' id='word_1_13' title='bbox 1680 313 1682 350; x_wconf 70' lang='lat' dir='ltr'>l</span> 
     </span>
     <span class='ocr_line' id='line_1_3' title="bbox 220 355 1628 434; baseline -0.012 -15"><span class='ocrx_word' id='word_1_14' title='bbox 220 373 305 420; x_wconf 74' lang='lat' dir='ltr'>bus</span> <span class='ocrx_word' id='word_1_15' title='bbox 326 366 521 434; x_wconf 88' lang='lat' dir='ltr'>partibus</span> <span class='ocrx_word' id='word_1_16' title='bbox 546 360 788 416; x_wconf 54' lang='lat' dir='ltr'>doticrinae,</span> <span class='ocrx_word' id='word_1_17' title='bbox 820 363 882 409; x_wconf 86' lang='lat' dir='ltr'>ita</span> <span class='ocrx_word' id='word_1_18' title='bbox 906 370 1213 423; x_wconf 85' lang='lat' dir='ltr'>temperatam,</span> <span class='ocrx_word' id='word_1_19' title='bbox 1243 367 1292 405; x_wconf 87' lang='lat' dir='ltr'>vt</span> <span class='ocrx_word' id='word_1_20' title='bbox 1310 366 1486 404; x_wconf 83' lang='lat' dir='ltr'>tantum</span> <span class='ocrx_word' id='word_1_21' title='bbox 1508 355 1628 404; x_wconf 70' lang='lat' dir='ltr'>abel⁸⁴</span> 
     </span>
     <span class='ocr_line' id='line_1_4' title="bbox 223 423 1682 492; baseline -0.011 -7"><span class='ocrx_word' id='word_1_22' title='bbox 223 440 289 488; x_wconf 85' lang='lat' dir='ltr'>set</span> <span class='ocrx_word' id='word_1_23' title='bbox 317 455 340 484; x_wconf 83' lang='lat' dir='ltr'>a</span> <span class='ocrx_word' id='word_1_24' title='bbox 368 435 573 481; x_wconf 85' lang='lat' dir='ltr'>licentiae</span> <span class='ocrx_word' id='word_1_25' title='bbox 603 431 865 487; x_wconf 87' lang='lat' dir='ltr'>temeritate,</span> <span class='ocrx_word' id='word_1_26' title='bbox 897 438 1110 492; x_wconf 87' lang='lat' dir='ltr'>quantum</span> <span class='ocrx_word' id='word_1_27' title='bbox 1133 425 1186 472; x_wconf 89' lang='lat' dir='ltr'>ab</span> <span class='ocrx_word' id='word_1_28' title='bbox 1209 425 1432 473; x_wconf 73' lang='lat' dir='ltr'>seruitutis</span> <span class='ocrx_word' id='word_1_29' title='bbox 1452 425 1525 470; x_wconf 82' lang='lat' dir='ltr'>vel</span> <span class='ocrx_word' id='word_1_30' title='bbox 1544 423 1632 471; x_wconf 88' lang='lat' dir='ltr'>stu·</span> <span class='ocrx_word' id='word_1_31' title='bbox 1681 434 1682 446; x_wconf 74' lang='lat'><em>³</em></span> 
     </span>
     <span class='ocr_line' id='line_1_5' title="bbox 224 490 1632 574; baseline -0.01 -22"><span class='ocrx_word' id='word_1_32' title='bbox 224 522 340 574; x_wconf 80' lang='lat' dir='ltr'>pore</span> <span class='ocrx_word' id='word_1_33' title='bbox 372 503 438 549; x_wconf 86' lang='lat' dir='ltr'>vel</span> <span class='ocrx_word' id='word_1_34' title='bbox 469 503 647 548; x_wconf 88' lang='lat' dir='ltr'>timore.</span> <span class='ocrx_word' id='word_1_35' title='bbox 723 501 843 544; x_wconf 87' lang='lat' dir='ltr'>Nam</span> <span class='ocrx_word' id='word_1_36' title='bbox 885 494 1019 542; x_wconf 85' lang='lat' dir='ltr'>huius</span> <span class='ocrx_word' id='word_1_37' title='bbox 1047 494 1261 541; x_wconf 86' lang='lat' dir='ltr'>libertatis</span> <span class='ocrx_word' id='word_1_38' title='bbox 1289 490 1559 555; x_wconf 85' lang='lat' dir='ltr'>vsurpandae</span> <span class='ocrx_word' id='word_1_39' title='bbox 1585 500 1632 538; x_wconf 87' lang='lat' dir='ltr'>et</span> 
     </span>
     <span class='ocr_line' id='line_1_6' title="bbox 226 558 1634 633; baseline -0.01 -15"><span class='ocrx_word' id='word_1_40' title='bbox 226 568 474 633; x_wconf 74' lang='lat' dir='ltr'>afferendae</span> <span class='ocrx_word' id='word_1_41' title='bbox 495 569 668 615; x_wconf 77' lang='lat' dir='ltr'>initium</span> <span class='ocrx_word' id='word_1_42' title='bbox 688 561 854 612; x_wconf 66' lang='lat' dir='ltr'>fastum</span> <span class='ocrx_word' id='word_1_43' title='bbox 866 561 928 609; x_wconf 89' lang='lat' dir='ltr'>est</span> <span class='ocrx_word' id='word_1_44' title='bbox 947 579 995 608; x_wconf 89' lang='lat' dir='ltr'>ea</span> <span class='ocrx_word' id='word_1_45' title='bbox 1012 561 1097 616; x_wconf 84' lang='lat' dir='ltr'>die,</span> <span class='ocrx_word' id='word_1_46' title='bbox 1118 577 1200 625; x_wconf 78' lang='lat' dir='ltr'>qua</span> <span class='ocrx_word' id='word_1_47' title='bbox 1220 561 1381 623; x_wconf 86' lang='lat' dir='ltr'>impiae</span> <span class='ocrx_word' id='word_1_48' title='bbox 1397 558 1634 620; x_wconf 87' lang='lat' dir='ltr'>Indulgen-</span> 
     </span>
     <span class='ocr_line' id='line_1_7' title="bbox 227 615 1633 701; baseline -0.013 -12"><span class='ocrx_word' id='word_1_49' title='bbox 227 633 390 690; x_wconf 86' lang='lat' dir='ltr'>tiarum</span> <span class='ocrx_word' id='word_1_50' title='bbox 414 632 708 701; x_wconf 85' lang='lat' dir='ltr'>superstitioni</span> <span class='ocrx_word' id='word_1_51' title='bbox 728 630 1023 679; x_wconf 87' lang='lat' dir='ltr'>aduersarium</span> <span class='ocrx_word' id='word_1_52' title='bbox 1055 627 1100 675; x_wconf 89' lang='lat' dir='ltr'>se</span> <span class='ocrx_word' id='word_1_53' title='bbox 1117 626 1338 691; x_wconf 87' lang='lat' dir='ltr'>professus</span> <span class='ocrx_word' id='word_1_54' title='bbox 1358 625 1433 685; x_wconf 86' lang='lat' dir='ltr'>est,</span> <span class='ocrx_word' id='word_1_55' title='bbox 1463 615 1633 691; x_wconf 67' lang='lat' dir='ltr'>propb-</span> 
     </span>
     <span class='ocr_line' id='line_1_8' title="bbox 230 695 1635 768; baseline -0.012 -13"><span class='ocrx_word' id='word_1_56' title='bbox 230 707 320 757; x_wconf 78' lang='lat' dir='ltr'>fitis</span> <span class='ocrx_word' id='word_1_57' title='bbox 341 707 445 753; x_wconf 90' lang='lat' dir='ltr'>loco</span> <span class='ocrx_word' id='word_1_58' title='bbox 475 700 654 768; x_wconf 89' lang='lat' dir='ltr'>publico</span> <span class='ocrx_word' id='word_1_59' title='bbox 678 698 911 746; x_wconf 86' lang='lat' dir='ltr'>Sententiis</span> <span class='ocrx_word' id='word_1_60' title='bbox 930 697 1154 759; x_wconf 67' lang='lat' dir='ltr'>(thffibus),</span> <span class='ocrx_word' id='word_1_61' title='bbox 1187 712 1269 759; x_wconf 91' lang='lat' dir='ltr'>per</span> <span class='ocrx_word' id='word_1_62' title='bbox 1299 711 1405 758; x_wconf 86' lang='lat' dir='ltr'>quas</span> <span class='ocrx_word' id='word_1_63' title='bbox 1433 695 1635 758; x_wconf 88' lang='lat' dir='ltr'>primum</span> 
     </span>
     <span class='ocr_line' id='line_1_9' title="bbox 232 761 1636 829; baseline -0.012 -6"><span class='ocrx_word' id='word_1_64' title='bbox 232 776 403 825; x_wconf 82' lang='lat' dir='ltr'>aditum</span> <span class='ocrx_word' id='word_1_65' title='bbox 441 769 607 819; x_wconf 71' lang='lat' dir='ltr'>fastum</span> <span class='ocrx_word' id='word_1_66' title='bbox 643 765 727 815; x_wconf 83' lang='lat' dir='ltr'>effe</span> <span class='ocrx_word' id='word_1_67' title='bbox 765 761 935 813; x_wconf 87' lang='lat' dir='ltr'>constat</span> <span class='ocrx_word' id='word_1_68' title='bbox 970 762 1024 810; x_wconf 83' lang='lat' dir='ltr'>ad</span> <span class='ocrx_word' id='word_1_69' title='bbox 1054 761 1379 829; x_wconf 84' lang='lat' dir='ltr'>repurgandam</span> <span class='ocrx_word' id='word_1_70' title='bbox 1406 761 1636 823; x_wconf 86' lang='lat' dir='ltr'>religionis</span> 
     </span>
     <span class='ocr_line' id='line_1_10' title="bbox 234 840 497 891; baseline -0.023 0"><span class='ocrx_word' id='word_1_71' title='bbox 234 840 497 891; x_wconf 64' lang='lat' dir='ltr'>doarinam.</span> 
     </span>
    </p>

    <p class='ocr_par' dir='ltr' id='par_1_3' title="bbox 236 893 1646 1306">
     <span class='ocr_line' id='line_1_11' title="bbox 339 893 1642 968; baseline -0.012 -12"><span class='ocrx_word' id='word_1_72' title='bbox 339 912 562 968; x_wconf 83' lang='lat' dir='ltr'>Magnum</span> <span class='ocrx_word' id='word_1_73' title='bbox 590 904 637 951; x_wconf 92' lang='lat' dir='ltr'>in</span> <span class='ocrx_word' id='word_1_74' title='bbox 657 902 848 951; x_wconf 81' lang='lat' dir='ltr'>Luthero</span> <span class='ocrx_word' id='word_1_75' title='bbox 870 911 916 949; x_wconf 87' lang='lat' dir='ltr'>et</span> <span class='ocrx_word' id='word_1_76' title='bbox 936 916 1034 948; x_wconf 87' lang='lat' dir='ltr'>acre</span> <span class='ocrx_word' id='word_1_77' title='bbox 1052 899 1282 961; x_wconf 82' lang='lat' dir='ltr'>ingenium</span> <span class='ocrx_word' id='word_1_78' title='bbox 1313 893 1448 952; x_wconf 71' lang='lat' dir='ltr'>fuisse,</span> <span class='ocrx_word' id='word_1_79' title='bbox 1482 913 1541 942; x_wconf 92' lang='lat' dir='ltr'>ne</span> <span class='ocrx_word' id='word_1_80' title='bbox 1561 895 1642 943; x_wconf 86' lang='lat' dir='ltr'>ini-</span> 
     </span>
     <span class='ocr_line' id='line_1_12' title="bbox 236 964 1644 1042; baseline -0.014 -15"><span class='ocrx_word' id='word_1_81' title='bbox 236 978 345 1028; x_wconf 84' lang='lat' dir='ltr'>mici</span> <span class='ocrx_word' id='word_1_82' title='bbox 364 974 542 1042; x_wconf 84' lang='lat' dir='ltr'>quidem</span> <span class='ocrx_word' id='word_1_83' title='bbox 560 971 817 1020; x_wconf 82' lang='lat' dir='ltr'>abnuerint:</span> <span class='ocrx_word' id='word_1_84' title='bbox 834 973 891 1031; x_wconf 64' lang='lat' dir='ltr'>{et</span> <span class='ocrx_word' id='word_1_85' title='bbox 908 966 953 1016; x_wconf 87' lang='lat' dir='ltr'>id</span> <span class='ocrx_word' id='word_1_86' title='bbox 974 965 1177 1015; x_wconf 78' lang='lat' dir='ltr'>admirari</span> <span class='ocrx_word' id='word_1_87' title='bbox 1194 964 1362 1013; x_wconf 84' lang='lat' dir='ltr'>solebat</span> <span class='ocrx_word' id='word_1_88' title='bbox 1382 964 1644 1027; x_wconf 75' lang='lat' dir='ltr'>Erasmus‚²)</span> 
     </span>
     <span class='ocr_line' id='line_1_13' title="bbox 237 1030 1642 1108; baseline -0.011 -16"><span class='ocrx_word' id='word_1_89' title='bbox 237 1047 530 1108; x_wconf 81' lang='lat' dir='ltr'>ingeniorum</span> <span class='ocrx_word' id='word_1_90' title='bbox 561 1037 692 1086; x_wconf 86' lang='lat' dir='ltr'>iudex</span> <span class='ocrx_word' id='word_1_91' title='bbox 720 1038 975 1083; x_wconf 84' lang='lat' dir='ltr'>acerrimus.</span> <span class='ocrx_word' id='word_1_92' title='bbox 1053 1031 1139 1080; x_wconf 85' lang='lat' dir='ltr'>Sed</span> <span class='ocrx_word' id='word_1_93' title='bbox 1168 1033 1215 1079; x_wconf 90' lang='lat' dir='ltr'>in</span> <span class='ocrx_word' id='word_1_94' title='bbox 1241 1030 1442 1097; x_wconf 85' lang='lat' dir='ltr'>partibus</span> <span class='ocrx_word' id='word_1_95' title='bbox 1473 1030 1642 1092; x_wconf 85' lang='lat' dir='ltr'>ingenii</span> 
     </span>
     <span class='ocr_line' id='line_1_14' title="bbox 241 1097 1644 1174; baseline -0.014 -12"><span class='ocrx_word' id='word_1_96' title='bbox 241 1112 498 1174; x_wconf 78' lang='lat' dir='ltr'>excellentis</span> <span class='ocrx_word' id='word_1_97' title='bbox 518 1103 579 1154; x_wconf 91' lang='lat' dir='ltr'>est</span> <span class='ocrx_word' id='word_1_98' title='bbox 599 1106 807 1153; x_wconf 85' lang='lat' dir='ltr'>nouitatis</span> <span class='ocrx_word' id='word_1_99' title='bbox 827 1120 953 1150; x_wconf 87' lang='lat' dir='ltr'>amor</span> <span class='ocrx_word' id='word_1_100' title='bbox 973 1110 1020 1147; x_wconf 81' lang='lat' dir='ltr'>et</span> <span class='ocrx_word' id='word_1_101' title='bbox 1037 1098 1244 1165; x_wconf 76' lang='lat' dir='ltr'>studium,</span> <span class='ocrx_word' id='word_1_102' title='bbox 1263 1097 1398 1164; x_wconf 87' lang='lat' dir='ltr'>quod,</span> <span class='ocrx_word' id='word_1_103' title='bbox 1418 1107 1467 1145; x_wconf 83' lang='lat' dir='ltr'>vt</span> <span class='ocrx_word' id='word_1_104' title='bbox 1485 1099 1532 1145; x_wconf 86' lang='lat' dir='ltr'>in</span> <span class='ocrx_word' id='word_1_105' title='bbox 1550 1097 1644 1144; x_wconf 87' lang='lat' dir='ltr'>aliis</span> 
     </span>
     <span class='ocr_line' id='line_1_15' title="bbox 241 1159 1643 1237; baseline -0.013 -9"><span class='ocrx_word' id='word_1_106' title='bbox 241 1178 391 1237; x_wconf 70' lang='lat' dir='ltr'>rebuS,</span> <span class='ocrx_word' id='word_1_107' title='bbox 409 1180 470 1225; x_wconf 86' lang='lat' dir='ltr'>ita</span> <span class='ocrx_word' id='word_1_108' title='bbox 486 1178 535 1222; x_wconf 82' lang='lat' dir='ltr'>in</span> <span class='ocrx_word' id='word_1_109' title='bbox 554 1170 853 1221; x_wconf 70' lang='lat' dir='ltr'>doarinarum</span> <span class='ocrx_word' id='word_1_110' title='bbox 875 1168 1107 1233; x_wconf 88' lang='lat' dir='ltr'>disciplinis</span> <span class='ocrx_word' id='word_1_111' title='bbox 1127 1183 1221 1216; x_wconf 85' lang='lat' dir='ltr'>non</span> <span class='ocrx_word' id='word_1_112' title='bbox 1241 1164 1474 1230; x_wconf 80' lang='lat' dir='ltr'>acquiescit</span> <span class='ocrx_word' id='word_1_113' title='bbox 1497 1167 1544 1212; x_wconf 88' lang='lat' dir='ltr'>in</span> <span class='ocrx_word' id='word_1_114' title='bbox 1566 1159 1643 1209; x_wconf 73' lang='lat' dir='ltr'>vsi-</span> 
     </span>
     <span class='ocr_line' id='line_1_16' title="bbox 244 1229 1646 1306; baseline -0.015 -9"><span class='ocrx_word' id='word_1_115' title='bbox 244 1250 363 1304; x_wconf 75' lang='lat' dir='ltr'>tatis,</span> <span class='ocrx_word' id='word_1_116' title='bbox 401 1255 446 1292; x_wconf 79' lang='lat' dir='ltr'>et</span> <span class='ocrx_word' id='word_1_117' title='bbox 466 1243 603 1304; x_wconf 82' lang='lat' dir='ltr'>vulgo</span> <span class='ocrx_word' id='word_1_118' title='bbox 624 1237 836 1306; x_wconf 87' lang='lat' dir='ltr'>probatis,</span> <span class='ocrx_word' id='word_1_119' title='bbox 867 1237 941 1286; x_wconf 82' lang='lat' dir='ltr'>sed</span> <span class='ocrx_word' id='word_1_120' title='bbox 968 1237 1152 1284; x_wconf 87' lang='lat' dir='ltr'>meliora</span> <span class='ocrx_word' id='word_1_121' title='bbox 1177 1244 1253 1282; x_wconf 83' lang='lat' dir='ltr'>aut</span> <span class='ocrx_word' id='word_1_122' title='bbox 1278 1234 1403 1299; x_wconf 84' lang='lat' dir='ltr'>plura</span> <span class='ocrx_word' id='word_1_123' title='bbox 1421 1229 1646 1287; x_wconf 69' lang='lat' dir='ltr'>desiderat,</span> 
     </span>
    </p>
   </div>
   <div class='ocr_carea' id='block_1_3' title="bbox 160 1294 1648 1372">
    <p class='ocr_par' dir='ltr' id='par_1_4' title="bbox 160 1294 1648 1372">
     <span class='ocr_line' id='line_1_17' title="bbox 160 1294 1648 1372; baseline -0.013 -7"><span class='ocrx_word' id='word_1_124' title='bbox 160 1318 168 1327; x_wconf 77' lang='lat'><em>‘</em></span> <span class='ocrx_word' id='word_1_125' title='bbox 248 1327 296 1364; x_wconf 83' lang='lat' dir='ltr'>et</span> <span class='ocrx_word' id='word_1_126' title='bbox 321 1328 460 1361; x_wconf 84' lang='lat' dir='ltr'>nouas</span> <span class='ocrx_word' id='word_1_127' title='bbox 489 1312 576 1358; x_wconf 85' lang='lat' dir='ltr'>vias</span> <span class='ocrx_word' id='word_1_128' title='bbox 605 1306 853 1372; x_wconf 79' lang='lat' dir='ltr'>patefacere</span> <span class='ocrx_word' id='word_1_129' title='bbox 881 1301 1031 1353; x_wconf 85' lang='lat' dir='ltr'>sibiae</span> <span class='ocrx_word' id='word_1_130' title='bbox 1060 1303 1236 1351; x_wconf 84' lang='lat' dir='ltr'>munire</span> <span class='ocrx_word' id='word_1_131' title='bbox 1266 1309 1467 1355; x_wconf 84' lang='lat' dir='ltr'>conatur,</span> <span class='ocrx_word' id='word_1_132' title='bbox 1498 1299 1572 1346; x_wconf 88' lang='lat' dir='ltr'>vel</span> <span class='ocrx_word' id='word_1_133' title='bbox 1590 1294 1648 1346; x_wconf 78' lang='lat' dir='ltr'>ad</span> 
     </span>
    </p>
   </div>
   <div class='ocr_carea' id='block_1_4' title="bbox 241 1364 1664 2620">
    <p class='ocr_par' dir='ltr' id='par_1_5' title="bbox 241 1364 1664 2590">
     <span class='ocr_line' id='line_1_18' title="bbox 245 1364 1649 1450; baseline -0.014 -20"><span class='ocrx_word' id='word_1_134' title='bbox 245 1379 562 1450; x_wconf 73' lang='lat' dir='ltr'>quaerendum,</span> <span class='ocrx_word' id='word_1_135' title='bbox 595 1375 720 1441; x_wconf 82' lang='lat' dir='ltr'>quod</span> <span class='ocrx_word' id='word_1_136' title='bbox 746 1374 887 1430; x_wconf 86' lang='lat' dir='ltr'>lateat,</span> <span class='ocrx_word' id='word_1_137' title='bbox 920 1371 992 1420; x_wconf 90' lang='lat' dir='ltr'>vel</span> <span class='ocrx_word' id='word_1_138' title='bbox 1020 1369 1075 1418; x_wconf 83' lang='lat' dir='ltr'>ad</span> <span class='ocrx_word' id='word_1_139' title='bbox 1094 1367 1431 1424; x_wconf 82' lang='lat' dir='ltr'>emendandum,</span> <span class='ocrx_word' id='word_1_140' title='bbox 1463 1364 1649 1431; x_wconf 87' lang='lat' dir='ltr'>quodin</span> 
     </span>
     <span class='ocr_line' id='line_1_19' title="bbox 247 1431 1649 1503; baseline -0.014 -5"><span class='ocrx_word' id='word_1_141' title='bbox 247 1449 398 1500; x_wconf 83' lang='lat' dir='ltr'>medio</span> <span class='ocrx_word' id='word_1_142' title='bbox 424 1445 485 1503; x_wconf 76' lang='lat' dir='ltr'>fit,</span> <span class='ocrx_word' id='word_1_143' title='bbox 515 1444 589 1492; x_wconf 79' lang='lat' dir='ltr'>vel</span> <span class='ocrx_word' id='word_1_144' title='bbox 607 1443 661 1490; x_wconf 83' lang='lat' dir='ltr'>ad</span> <span class='ocrx_word' id='word_1_145' title='bbox 680 1437 1101 1496; x_wconf 86' lang='lat' dir='ltr'>commendandum,</span> <span class='ocrx_word' id='word_1_146' title='bbox 1118 1435 1241 1503; x_wconf 87' lang='lat' dir='ltr'>quod</span> <span class='ocrx_word' id='word_1_147' title='bbox 1262 1432 1507 1502; x_wconf 67' lang='lat' dir='ltr'>quaesitum</span> <span class='ocrx_word' id='word_1_148' title='bbox 1525 1431 1578 1479; x_wconf 83' lang='lat' dir='ltr'>sit</span> <span class='ocrx_word' id='word_1_149' title='bbox 1597 1445 1649 1479; x_wconf 83' lang='lat' dir='ltr'>ac</span> 
     </span>
     <span class='ocr_line' id='line_1_20' title="bbox 241 1501 1652 1583; baseline -0.015 -16"><span class='ocrx_word' id='word_1_150' title='bbox 241 1528 480 1583; x_wconf 57' lang='lat' dir='ltr'>‚repertum</span> <span class='ocrx_word' id='word_1_151' title='bbox 498 1512 709 1562; x_wconf 79' lang='lat' dir='ltr'>videatur.</span> <span class='ocrx_word' id='word_1_152' title='bbox 759 1507 898 1565; x_wconf 88' lang='lat' dir='ltr'>Quod</span> <span class='ocrx_word' id='word_1_153' title='bbox 916 1505 949 1555; x_wconf 85' lang='lat' dir='ltr'>fi</span> <span class='ocrx_word' id='word_1_154' title='bbox 966 1518 1252 1555; x_wconf 77' lang='lat' dir='ltr'>remouemus</span> <span class='ocrx_word' id='word_1_155' title='bbox 1272 1501 1494 1559; x_wconf 79' lang='lat' dir='ltr'>inuidiam,</span> <span class='ocrx_word' id='word_1_156' title='bbox 1513 1514 1652 1565; x_wconf 78' lang='lat' dir='ltr'>quam</span> 
     </span>
     <span class='ocr_line' id='line_1_21' title="bbox 248 1565 1652 1640; baseline -0.015 -6"><span class='ocrx_word' id='word_1_157' title='bbox 248 1584 469 1634; x_wconf 76' lang='lat' dir='ltr'>nouitatis</span> <span class='ocrx_word' id='word_1_158' title='bbox 495 1578 635 1629; x_wconf 80' lang='lat' dir='ltr'>verbo</span> <span class='ocrx_word' id='word_1_159' title='bbox 666 1577 861 1625; x_wconf 85' lang='lat' dir='ltr'>adiunxit</span> <span class='ocrx_word' id='word_1_160' title='bbox 888 1575 1050 1640; x_wconf 85' lang='lat' dir='ltr'>partim</span> <span class='ocrx_word' id='word_1_161' title='bbox 1071 1570 1353 1639; x_wconf 86' lang='lat' dir='ltr'>quorundam</span> <span class='ocrx_word' id='word_1_162' title='bbox 1369 1573 1417 1617; x_wconf 87' lang='lat' dir='ltr'>in</span> <span class='ocrx_word' id='word_1_163' title='bbox 1438 1565 1652 1616; x_wconf 71' lang='lat' dir='ltr'>nouando</span> 
     </span>
     <span class='ocr_line' id='line_1_22' title="bbox 250 1633 1652 1710; baseline -0.017 -8"><span class='ocrx_word' id='word_1_164' title='bbox 250 1654 417 1703; x_wconf 79' lang='lat' dir='ltr'>inscitia</span> <span class='ocrx_word' id='word_1_165' title='bbox 435 1659 482 1698; x_wconf 87' lang='lat' dir='ltr'>et</span> <span class='ocrx_word' id='word_1_166' title='bbox 498 1648 736 1701; x_wconf 75' lang='lat' dir='ltr'>temeritas,</span> <span class='ocrx_word' id='word_1_167' title='bbox 770 1645 932 1710; x_wconf 86' lang='lat' dir='ltr'>partim</span> <span class='ocrx_word' id='word_1_168' title='bbox 955 1645 1264 1706; x_wconf 86' lang='lat' dir='ltr'>imperitorum</span> <span class='ocrx_word' id='word_1_169' title='bbox 1283 1636 1438 1702; x_wconf 89' lang='lat' dir='ltr'>stupor</span> <span class='ocrx_word' id='word_1_170' title='bbox 1453 1644 1499 1682; x_wconf 89' lang='lat' dir='ltr'>et</span> <span class='ocrx_word' id='word_1_171' title='bbox 1517 1633 1652 1680; x_wconf 81' lang='lat' dir='ltr'>tardi-</span> 
     </span>
     <span class='ocr_line' id='line_1_23' title="bbox 253 1699 1653 1776; baseline -0.016 -8"><span class='ocrx_word' id='word_1_172' title='bbox 253 1732 343 1776; x_wconf 80' lang='lat' dir='ltr'>tas,</span> <span class='ocrx_word' id='word_1_173' title='bbox 371 1715 596 1766; x_wconf 84' lang='lat' dir='ltr'>interdum</span> <span class='ocrx_word' id='word_1_174' title='bbox 624 1715 757 1759; x_wconf 85' lang='lat' dir='ltr'>etiam</span> <span class='ocrx_word' id='word_1_175' title='bbox 783 1708 1098 1776; x_wconf 87' lang='lat' dir='ltr'>improborum</span> <span class='ocrx_word' id='word_1_176' title='bbox 1127 1704 1354 1770; x_wconf 64' lang='lat' dir='ltr'>cupiditas,</span> <span class='ocrx_word' id='word_1_177' title='bbox 1386 1699 1432 1749; x_wconf 77' lang='lat' dir='ltr'>id</span> <span class='ocrx_word' id='word_1_178' title='bbox 1459 1699 1653 1748; x_wconf 84' lang='lat' dir='ltr'>studium</span> 
     </span>
     <span class='ocr_line' id='line_1_24' title="bbox 252 1766 1655 1848; baseline -0.016 -13"><span class='ocrx_word' id='word_1_179' title='bbox 252 1785 348 1837; x_wconf 80' lang='lat' dir='ltr'>fine</span> <span class='ocrx_word' id='word_1_180' title='bbox 365 1785 627 1848; x_wconf 84' lang='lat' dir='ltr'>exceptione</span> <span class='ocrx_word' id='word_1_181' title='bbox 645 1777 847 1832; x_wconf 83' lang='lat' dir='ltr'>accusari,</span> <span class='ocrx_word' id='word_1_182' title='bbox 883 1785 929 1823; x_wconf 85' lang='lat' dir='ltr'>et</span> <span class='ocrx_word' id='word_1_183' title='bbox 947 1770 1202 1838; x_wconf 76' lang='lat' dir='ltr'>{impliciter</span> <span class='ocrx_word' id='word_1_184' title='bbox 1230 1768 1451 1836; x_wconf 81' lang='lat' dir='ltr'>repudiari</span> <span class='ocrx_word' id='word_1_185' title='bbox 1469 1786 1562 1816; x_wconf 91' lang='lat' dir='ltr'>non</span> <span class='ocrx_word' id='word_1_186' title='bbox 1583 1766 1655 1813; x_wconf 86' lang='lat' dir='ltr'>de-</span> 
     </span>
     <span class='ocr_line' id='line_1_25' title="bbox 254 1834 1658 1916; baseline -0.014 -14"><span class='ocrx_word' id='word_1_187' title='bbox 254 1854 348 1909; x_wconf 84' lang='lat' dir='ltr'>bet,</span> <span class='ocrx_word' id='word_1_188' title='bbox 364 1851 444 1900; x_wconf 62' lang='lat' dir='ltr'>&gt;sed</span> <span class='ocrx_word' id='word_1_189' title='bbox 462 1851 612 1916; x_wconf 75' lang='lat' dir='ltr'>potius</span> <span class='ocrx_word' id='word_1_190' title='bbox 631 1849 678 1894; x_wconf 90' lang='lat' dir='ltr'>in</span> <span class='ocrx_word' id='word_1_191' title='bbox 696 1859 857 1906; x_wconf 83' lang='lat' dir='ltr'>magna</span> <span class='ocrx_word' id='word_1_192' title='bbox 875 1843 1041 1904; x_wconf 86' lang='lat' dir='ltr'>ingenii</span> <span class='ocrx_word' id='word_1_193' title='bbox 1062 1843 1229 1888; x_wconf 85' lang='lat' dir='ltr'>virtute</span> <span class='ocrx_word' id='word_1_194' title='bbox 1248 1850 1294 1885; x_wconf 89' lang='lat' dir='ltr'>et</span> <span class='ocrx_word' id='word_1_195' title='bbox 1311 1835 1530 1884; x_wconf 75' lang='lat' dir='ltr'>beneficio</span> <span class='ocrx_word' id='word_1_196' title='bbox 1546 1834 1658 1883; x_wconf 81' lang='lat' dir='ltr'>diui-</span> 
     </span>
     <span class='ocr_line' id='line_1_26' title="bbox 256 1900 1657 1970; baseline -0.016 0"><span class='ocrx_word' id='word_1_197' title='bbox 256 1940 321 1970; x_wconf 88' lang='lat' dir='ltr'>no</span> <span class='ocrx_word' id='word_1_198' title='bbox 339 1920 517 1968; x_wconf 84' lang='lat' dir='ltr'>censeri.</span> <span class='ocrx_word' id='word_1_199' title='bbox 587 1915 782 1970; x_wconf 88' lang='lat' dir='ltr'>Etenim,</span> <span class='ocrx_word' id='word_1_200' title='bbox 812 1910 843 1958; x_wconf 83' lang='lat' dir='ltr'>fi</span> <span class='ocrx_word' id='word_1_201' title='bbox 872 1911 990 1957; x_wconf 90' lang='lat' dir='ltr'>nulla</span> <span class='ocrx_word' id='word_1_202' title='bbox 1017 1908 1114 1955; x_wconf 84' lang='lat' dir='ltr'>talis</span> <span class='ocrx_word' id='word_1_203' title='bbox 1144 1909 1207 1954; x_wconf 86' lang='lat' dir='ltr'>vis</span> <span class='ocrx_word' id='word_1_204' title='bbox 1234 1902 1356 1953; x_wconf 86' lang='lat' dir='ltr'>infita</span> <span class='ocrx_word' id='word_1_205' title='bbox 1374 1900 1657 1962; x_wconf 84' lang='lat' dir='ltr'>fuiss&#39;etinge-</span> 
     </span>
     <span class='ocr_line' id='line_1_27' title="bbox 258 1969 1658 2041; baseline -0.016 -4"><span class='ocrx_word' id='word_1_206' title='bbox 258 1991 342 2038; x_wconf 89' lang='lat' dir='ltr'>niis</span> <span class='ocrx_word' id='word_1_207' title='bbox 360 1986 577 2041; x_wconf 84' lang='lat' dir='ltr'>humanis,</span> <span class='ocrx_word' id='word_1_208' title='bbox 606 1997 700 2029; x_wconf 89' lang='lat' dir='ltr'>non</span> <span class='ocrx_word' id='word_1_209' title='bbox 732 1979 871 2026; x_wconf 83' lang='lat' dir='ltr'>dicam</span> <span class='ocrx_word' id='word_1_210' title='bbox 900 1977 958 2033; x_wconf 82' lang='lat' dir='ltr'>id,</span> <span class='ocrx_word' id='word_1_211' title='bbox 987 1972 1108 2041; x_wconf 84' lang='lat' dir='ltr'>quod</span> <span class='ocrx_word' id='word_1_212' title='bbox 1126 1972 1189 2021; x_wconf 91' lang='lat' dir='ltr'>est</span> <span class='ocrx_word' id='word_1_213' title='bbox 1213 1975 1260 2020; x_wconf 92' lang='lat' dir='ltr'>in</span> <span class='ocrx_word' id='word_1_214' title='bbox 1282 1981 1483 2037; x_wconf 86' lang='lat' dir='ltr'>promtu,</span> <span class='ocrx_word' id='word_1_215' title='bbox 1507 1969 1658 2015; x_wconf 55' lang='lat' dir='ltr'>‘nullas</span> 
     </span>
     <span class='ocr_line' id='line_1_28' title="bbox 261 2041 1659 2119; baseline -0.016 -14"><span class='ocrx_word' id='word_1_216' title='bbox 261 2066 379 2105; x_wconf 80' lang='lat' dir='ltr'>artes</span> <span class='ocrx_word' id='word_1_217' title='bbox 410 2064 542 2119; x_wconf 82' lang='lat' dir='ltr'>atque</span> <span class='ocrx_word' id='word_1_218' title='bbox 571 2046 790 2098; x_wconf 66' lang='lat' dir='ltr'>dostrinas</span> <span class='ocrx_word' id='word_1_219' title='bbox 819 2045 1009 2092; x_wconf 87' lang='lat' dir='ltr'>inueniri</span> <span class='ocrx_word' id='word_1_220' title='bbox 1024 2041 1237 2109; x_wconf 70' lang='lat' dir='ltr'>potuisse:</span> <span class='ocrx_word' id='word_1_221' title='bbox 1271 2055 1427 2087; x_wconf 83' lang='lat' dir='ltr'>omnes</span> <span class='ocrx_word' id='word_1_222' title='bbox 1450 2047 1573 2084; x_wconf 86' lang='lat' dir='ltr'>certe</span> <span class='ocrx_word' id='word_1_223' title='bbox 1593 2046 1659 2083; x_wconf 82' lang='lat' dir='ltr'>et·</span> 
     </span>
     <span class='ocr_line' id='line_1_29' title="bbox 261 2104 1659 2185; baseline -0.016 -13"><span class='ocrx_word' id='word_1_224' title='bbox 261 2127 352 2173; x_wconf 84' lang='lat' dir='ltr'>iarn</span> <span class='ocrx_word' id='word_1_225' title='bbox 372 2138 494 2170; x_wconf 91' lang='lat' dir='ltr'>nunc</span> <span class='ocrx_word' id='word_1_226' title='bbox 515 2121 701 2185; x_wconf 87' lang='lat' dir='ltr'>primam</span> <span class='ocrx_word' id='word_1_227' title='bbox 731 2116 998 2163; x_wconf 82' lang='lat' dir='ltr'>tenuitatem</span> <span class='ocrx_word' id='word_1_228' title='bbox 1020 2121 1066 2157; x_wconf 86' lang='lat' dir='ltr'>et</span> <span class='ocrx_word' id='word_1_229' title='bbox 1083 2123 1231 2176; x_wconf 87' lang='lat' dir='ltr'>prope</span> <span class='ocrx_word' id='word_1_230' title='bbox 1248 2106 1499 2154; x_wconf 84' lang='lat' dir='ltr'>barbariem</span> <span class='ocrx_word' id='word_1_231' title='bbox 1519 2104 1659 2150; x_wconf 80' lang='lat' dir='ltr'>serua-</span> 
     </span>
     <span class='ocr_line' id='line_1_30' title="bbox 262 2173 1660 2253; baseline -0.016 -14"><span class='ocrx_word' id='word_1_232' title='bbox 262 2189 429 2253; x_wconf 69' lang='lat' dir='ltr'>rentb)</span> <span class='ocrx_word' id='word_1_233' title='bbox 461 2185 574 2235; x_wconf 87' lang='lat' dir='ltr'>Illud</span> <span class='ocrx_word' id='word_1_234' title='bbox 594 2183 773 2250; x_wconf 84' lang='lat' dir='ltr'>quidem</span> <span class='ocrx_word' id='word_1_235' title='bbox 802 2181 1082 2245; x_wconf 86' lang='lat' dir='ltr'>perspicuum</span> <span class='ocrx_word' id='word_1_236' title='bbox 1099 2175 1173 2232; x_wconf 86' lang='lat' dir='ltr'>est,</span> <span class='ocrx_word' id='word_1_237' title='bbox 1200 2173 1321 2241; x_wconf 88' lang='lat' dir='ltr'>quod</span> <span class='ocrx_word' id='word_1_238' title='bbox 1348 2173 1544 2238; x_wconf 86' lang='lat' dir='ltr'>pertinet</span> <span class='ocrx_word' id='word_1_239' title='bbox 1568 2187 1660 2217; x_wconf 86' lang='lat' dir='ltr'>ma-</span> 
     </span>
     <span class='ocr_line' id='line_1_31' title="bbox 263 2238 1661 2314; baseline -0.017 -7"><span class='ocrx_word' id='word_1_240' title='bbox 263 2262 382 2308; x_wconf 81' lang='lat' dir='ltr'>xime</span> <span class='ocrx_word' id='word_1_241' title='bbox 410 2254 465 2304; x_wconf 87' lang='lat' dir='ltr'>ad</span> <span class='ocrx_word' id='word_1_242' title='bbox 492 2251 735 2302; x_wconf 84' lang='lat' dir='ltr'>institutam</span> <span class='ocrx_word' id='word_1_243' title='bbox 763 2248 1115 2314; x_wconf 78' lang='lat' dir='ltr'>disputationem,</span> <span class='ocrx_word' id='word_1_244' title='bbox 1145 2260 1200 2291; x_wconf 88' lang='lat' dir='ltr'>eo</span> <span class='ocrx_word' id='word_1_245' title='bbox 1229 2242 1322 2308; x_wconf 89' lang='lat' dir='ltr'>ipso</span> <span class='ocrx_word' id='word_1_246' title='bbox 1348 2238 1490 2288; x_wconf 87' lang='lat' dir='ltr'>studio</span> <span class='ocrx_word' id='word_1_247' title='bbox 1510 2243 1661 2285; x_wconf 87' lang='lat' dir='ltr'>Deum</span> 
     </span>
     <span class='ocr_line' id='line_1_32' title="bbox 266 2303 1662 2379; baseline -0.016 -5"><span class='ocrx_word' id='word_1_248' title='bbox 266 2324 355 2373; x_wconf 84' lang='lat' dir='ltr'>effe</span> <span class='ocrx_word' id='word_1_249' title='bbox 379 2324 504 2372; x_wconf 85' lang='lat' dir='ltr'>vsum</span> <span class='ocrx_word' id='word_1_250' title='bbox 532 2318 584 2368; x_wconf 84' lang='lat' dir='ltr'>ad</span> <span class='ocrx_word' id='word_1_251' title='bbox 615 2315 892 2366; x_wconf 77' lang='lat' dir='ltr'>emendanda</span> <span class='ocrx_word' id='word_1_252' title='bbox 919 2332 999 2379; x_wconf 88' lang='lat' dir='ltr'>per</span> <span class='ocrx_word' id='word_1_253' title='bbox 1018 2312 1253 2362; x_wconf 75' lang='lat' dir='ltr'>Lutherum</span> <span class='ocrx_word' id='word_1_254' title='bbox 1270 2309 1396 2365; x_wconf 87' lang='lat' dir='ltr'>sacra,</span> <span class='ocrx_word' id='word_1_255' title='bbox 1430 2317 1476 2353; x_wconf 88' lang='lat' dir='ltr'>et</span> <span class='ocrx_word' id='word_1_256' title='bbox 1498 2303 1662 2353; x_wconf 64' lang='lat' dir='ltr'>doari-</span> 
     </span>
     <span class='ocr_line' id='line_1_33' title="bbox 264 2380 1661 2451; baseline -0.017 -10"><span class='ocrx_word' id='word_1_257' title='bbox 264 2411 370 2442; x_wconf 86' lang='lat' dir='ltr'>nam</span> <span class='ocrx_word' id='word_1_258' title='bbox 391 2389 617 2451; x_wconf 84' lang='lat' dir='ltr'>religionis</span> <span class='ocrx_word' id='word_1_259' title='bbox 639 2385 750 2432; x_wconf 91' lang='lat' dir='ltr'>bene</span> <span class='ocrx_word' id='word_1_260' title='bbox 770 2380 1140 2431; x_wconf 82' lang='lat' dir='ltr'>constituendam:</span> <span class='ocrx_word' id='word_1_261' title='bbox 1169 2381 1215 2426; x_wconf 90' lang='lat' dir='ltr'>in</span> <span class='ocrx_word' id='word_1_262' title='bbox 1234 2393 1320 2443; x_wconf 89' lang='lat' dir='ltr'>qua</span> <span class='ocrx_word' id='word_1_263' title='bbox 1338 2384 1460 2422; x_wconf 86' lang='lat' dir='ltr'>tanta</span> <span class='ocrx_word' id='word_1_264' title='bbox 1480 2384 1661 2435; x_wconf 85' lang='lat' dir='ltr'>tamque</span> 
     </span>
     <span class='ocr_line' id='line_1_34' title="bbox 266 2440 1664 2520; baseline -0.018 -11"><span class='ocrx_word' id='word_1_265' title='bbox 266 2459 433 2510; x_wconf 75' lang='lat' dir='ltr'>&#39;salubri</span> <span class='ocrx_word' id='word_1_266' title='bbox 446 2475 494 2505; x_wconf 89' lang='lat' dir='ltr'>re</span> <span class='ocrx_word' id='word_1_267' title='bbox 511 2452 796 2520; x_wconf 85' lang='lat' dir='ltr'>impedienda</span> <span class='ocrx_word' id='word_1_268' title='bbox 821 2461 867 2497; x_wconf 88' lang='lat' dir='ltr'>et</span> <span class='ocrx_word' id='word_1_269' title='bbox 894 2450 950 2496; x_wconf 87' lang='lat' dir='ltr'>ad</span> <span class='ocrx_word' id='word_1_270' title='bbox 975 2446 1188 2495; x_wconf 84' lang='lat' dir='ltr'>inuidiam</span> <span class='ocrx_word' id='word_1_271' title='bbox 1206 2442 1416 2496; x_wconf 86' lang='lat' dir='ltr'>vocanda,</span> <span class='ocrx_word' id='word_1_272' title='bbox 1449 2440 1556 2487; x_wconf 88' lang='lat' dir='ltr'>nihil</span> <span class='ocrx_word' id='word_1_273' title='bbox 1575 2455 1664 2485; x_wconf 87' lang='lat' dir='ltr'>ma-</span> 
     </span>
     <span class='ocr_line' id='line_1_35' title="bbox 267 2509 1664 2590; baseline -0.017 -16"><span class='ocrx_word' id='word_1_274' title='bbox 267 2529 337 2590; x_wconf 84' lang='lat' dir='ltr'>gis</span> <span class='ocrx_word' id='word_1_275' title='bbox 365 2538 460 2573; x_wconf 87' lang='lat' dir='ltr'>tam</span> <span class='ocrx_word' id='word_1_276' title='bbox 486 2524 669 2572; x_wconf 87' lang='lat' dir='ltr'>solenne</span> <span class='ocrx_word' id='word_1_277' title='bbox 696 2519 784 2566; x_wconf 88' lang='lat' dir='ltr'>fuit</span> <span class='ocrx_word' id='word_1_278' title='bbox 808 2518 977 2580; x_wconf 83' lang='lat' dir='ltr'>ignauis</span> <span class='ocrx_word' id='word_1_279' title='bbox 1006 2526 1051 2562; x_wconf 88' lang='lat' dir='ltr'>et</span> <span class='ocrx_word' id='word_1_280' title='bbox 1068 2512 1285 2578; x_wconf 86' lang='lat' dir='ltr'>improbis</span> <span class='ocrx_word' id='word_1_281' title='bbox 1301 2509 1500 2571; x_wconf 82' lang='lat' dir='ltr'>ingeniis,</span> <span class='ocrx_word' id='word_1_282' title='bbox 1528 2522 1664 2570; x_wconf 86' lang='lat' dir='ltr'>quam</span> 
     </span>
    </p>

    <p class='ocr_par' dir='ltr' id='par_1_6' title="bbox 1497 2589 1664 2620">
     <span class='ocr_line' id='line_1_36' title="bbox 1497 2589 1664 2620; baseline -0.012 -1"><span class='ocrx_word' id='word_1_283' title='bbox 1497 2589 1664 2620; x_wconf 89' lang='lat' dir='ltr'>nouan-</span> 
     </span>
    </p>
   </div>
   <div class='ocr_carea' id='block_1_5' title="bbox 324 2654 1663 2785">
    <p class='ocr_par' dir='ltr' id='par_1_7' title="bbox 324 2654 1663 2785">
     <span class='ocr_line' id='line_1_37' title="bbox 324 2654 1608 2729; baseline -0.019 -12"><span class='ocrx_word' id='word_1_284' title='bbox 324 2679 364 2729; x_wconf 80' lang='lat' dir='ltr'>a)</span> <span class='ocrx_word' id='word_1_285' title='bbox 391 2673 509 2726; x_wconf 80' lang='lat' dir='ltr'>Epist.</span> <span class='ocrx_word' id='word_1_286' title='bbox 529 2670 676 2725; x_wconf 71' lang='lat' dir='ltr'>Erasini</span> <span class='ocrx_word' id='word_1_287' title='bbox 695 2668 743 2709; x_wconf 83' lang='lat' dir='ltr'>ad</span> <span class='ocrx_word' id='word_1_288' title='bbox 765 2670 869 2709; x_wconf 83' lang='lat' dir='ltr'>Petr.</span> <span class='ocrx_word' id='word_1_289' title='bbox 887 2662 1139 2719; x_wconf 64' lang='lat' dir='ltr'>lliofillanum,</span> <span class='ocrx_word' id='word_1_290' title='bbox 1169 2660 1272 2700; x_wconf 83' lang='lat' dir='ltr'>inter</span> <span class='ocrx_word' id='word_1_291' title='bbox 1290 2662 1386 2713; x_wconf 85' lang='lat' dir='ltr'>Epp.</span> <span class='ocrx_word' id='word_1_292' title='bbox 1407 2654 1548 2698; x_wconf 84' lang='lat' dir='ltr'>Erasm.</span> <span class='ocrx_word' id='word_1_293' title='bbox 1569 2670 1608 2708; x_wconf 87' lang='lat' dir='ltr'>p.</span> 
     </span>
     <span class='ocr_line' id='line_1_38' title="bbox 325 2708 1663 2785; baseline -0.017 -13"><span class='ocrx_word' id='word_1_294' title='bbox 325 2732 373 2785; x_wconf 78' lang='lat' dir='ltr'>b)</span> <span class='ocrx_word' id='word_1_295' title='bbox 400 2728 685 2772; x_wconf 80' lang='lat' dir='ltr'>vid.Memoria</span> <span class='ocrx_word' id='word_1_296' title='bbox 701 2723 871 2770; x_wconf 78' lang='lat' dir='ltr'>Sandelii,</span> <span class='ocrx_word' id='word_1_297' title='bbox 893 2724 997 2762; x_wconf 84' lang='lat' dir='ltr'>inter</span> <span class='ocrx_word' id='word_1_298' title='bbox 1016 2715 1154 2772; x_wconf 84' lang='lat' dir='ltr'>Opusc.</span> <span class='ocrx_word' id='word_1_299' title='bbox 1169 2719 1323 2759; x_wconf 85' lang='lat' dir='ltr'>Orator,</span> <span class='ocrx_word' id='word_1_300' title='bbox 1342 2727 1379 2766; x_wconf 84' lang='lat' dir='ltr'>p.</span> <span class='ocrx_word' id='word_1_301' title='bbox 1396 2724 1486 2765; x_wconf 80' lang='lat'>304.</span> <span class='ocrx_word' id='word_1_302' title='bbox 1508 2711 1569 2752; x_wconf 87' lang='lat' dir='ltr'>ed.</span> <span class='ocrx_word' id='word_1_303' title='bbox 1588 2708 1663 2751; x_wconf 84' lang='lat' dir='ltr'>sec.</span> 
     </span>
    </p>
   </div>
  </div>
 </body>
</html>
