1682 3068
338 162 396 193 :m
438 154 735 190 nxtmloxz
779 152 1201 186 consrxrvssunA
1372 151 1472 201 255

74 268 266 320 consiliis
284 266 558 320 maioribus,
573 264 827 328 praesertim
846 261 876 308 si
896 262 1167 323 intelligant,
1194 258 1274 309 fibi
1289 261 1472 324 in'jvitac'

44 350 50 357 ¹
75 336 297 392 hnmanae
327 331 631 384 incommodis
659 343 706 378 et
742 328 952 377 molestiis
993 329 1080 377 effe
1113 331 1473 395 materiampers

72 404 363 455 neceffiriam‘
378 404 599 450 virtutum
631 401 918 445 maximarum
948 409 994 444 et
1014 397 1261 445 Christiano
1281 397 1476 459 digniffia

73 490 281 530 martum}
298 471 551 536 patientiae,
583 466 867 521 fortitudinis,
898 463 998 510 fidei
1019 465 1213 530 denique
1236 468 1476 523 mium-sae,

75 538 418 588 &creandarum
452 546 670 600 paratam,
719 533 880 596 quibus
917 532 1152 580 virtutibus
1182 550 1329 581 carere
1358 552 1476 599 quo-

0 622 2 626 ·
75 607 221 665 modo
247 606 317 657 vc}
339 613 479 669 «optet
505 619 611 649 vere
640 598 904 649 Christianus
935 599 1111 647 homo?
1154 614 1297 650 careat
1325 610 1478 652 autem'

39 716 41 719 -
73 672 248 725 ncccss‘e
266 671 349 729 est,
386 670 419 718 fi
436 687 591 735 expers
610 669 831 716 malorum
855 668 1156 714 humanorum
1179 670 1309 718 viuat.

102 781 106 784 .
172 748 251 804 69.
285 739 379 787 :Sed
398 738 531 786 nobis
552 739 597 785 in
627 741 712 784 hac
733 736 1028 800 disputatione
1045 744 1142 782 no'n
1159 734 1221 781 est
1241 741 1385 786 oratio
1418 738 1481 786 de

74 811 155 859 tali
181 824 348 871 genere
375 805 694 854 beneficiorum
729 803 1011 858 diuinorum,
1055 802 1127 849 sed
1160 803 1215 850 de
1233 823 1310 863 eo,
1352 807 1479 871 quod

74 877 210 927 habet
237 873 609 924 coniunstionem
639 889 743 920 cum
772 882 927 919 natura
964 871 1160 918 hominis
1197 875 1377 930 morali,
1430 877 1481 923 in

75 943 235 1012 quibus
256 942 502 1005 tribuendis
527 942 733 1005 sapientia
761 939 907 986 diuina
937 942 1067 985 etiam
1092 940 1291 1006 reliquae
1318 944 1480 991 morali

0 1065 2 1068 γ
74 1010 340 1079 perfeffioni
380 1011 501 1064 suae,
535 1008 722 1056 iustitiae
746 1005 1031 1055 etsanffltati
1060 1008 1298 1056 consulere
1331 1010 1483 1069 debet,

0 1079 6 1116 ἶ
77 1097 166 1129 nec
196 1080 249 1127 ab
277 1081 327 1126 iis
357 1077 621 1141 discrepare:
673 1076 794 1139 quod
821 1075 920 1121 sane
954 1075 1062 1124 nihil
1086 1076 1203 1123 aliud
1232 1076 1358 1137 esset,
1401 1077 1485 1128 nifi

76 1150 218 1210 semet
238 1147 381 1213 ipsum
393 1158 439 1194 et
456 1157 654 1192 naturam
675 1144 792 1191 suam
813 1143 1045 1205 abnegare,
1061 1145 1181 1208 quod
1199 1147 1327 1194 nullo
1339 1146 1482 1204 modo

77 1215 177 1264 fieri
198 1212 355 1280 potest.
387 1231 414 1260 2
444 1216 548 1261 Ίῖπι.
572 1215 635 1265 II,
662 1229 731 1270 ¹3·
781 1216 903 1259 Nam
923 1212 1081 1259 iustitia
1101 1224 1148 1259 et
1167 1212 1363 1262 sanffitas
1383 1232 1482 1263 non

0 1315 2 1343 ff
77 1286 228 1332 minus
246 1279 475 1328 necessaria
493 1282 577 1327 Dei
610 1281 710 1327 sunt
730 1280 959 1335 attributa,
999 1281 1040 1326 h.
1061 1295 1095 1324 e.
1125 1281 1284 1343 quibus
1304 1294 1483 1330 contra.

79 1353 143 1399 ria
165 1355 212 1396 in
239 1353 343 1396 Deo
374 1349 556 1408 cog1tari
586 1363 679 1392 non
706 1345 911 1410 possunt,
964 1362 1099 1411 quam
1128 1347 1327 1405 bonitas,
1368 1362 1483 1414 quae

82 1421 212 1465 etiam
232 1417 285 1464 ab
303 1432 360 1462 eo
382 1432 486 1463 cum
506 1417 611 1467 hac,
642 1416 687 1461 in
710 1413 990 1462 describenda
1011 1414 1231 1463 maiestate
1248 1418 1342 1473 sua,
1374 1435 1482 1466 con-

79 1486 283 1546 iungitur
299 1486 437 1531 Exod.
457 1481 690 1538 XXXIV,
716 1498 785 1544 ¹4-
822 1483 981 1546 Psblm.
1000 1484 1154 1531 XLV.
1225 1487 1307 1532 Eas
1330 1497 1483 1534 autem

84 1554 219 1600 ctiam
251 1549 483 1617 puniendo
510 1550 703 1596 exerceri
732 1560 780 1596 et
818 1551 1090 1606 conseruari,
1161 1549 1353 1600 declarat
1391 1555 1486 1619 ipse

80 1621 228 1676 Deus,
247 1635 350 1666 cum
368 1618 413 1664 se
422 1621 635 1680 puniendo
644 1616 909 1680 sbnffificari
925 1620 1197 1682 pronunciat
1215 1624 1351 1669 Leuit.
1362 1623 1424 1677 X,
1440 1639 1485 1680 3.

81 1685 352 1749 agnoscente
371 1687 465 1749 ipso
489 1685 643 1733 Crellio
659 1691 709 1732 de
726 1687 826 1734 Ver.
843 1687 956 1751 relig.
978 1689 1003 1733 Ι.
1023 1699 1098 1739 28.
1129 1689 1175 1733 in
1195 1689 1336 1755 iisque
1348 1692 1485 1739 etiam

81 1753 315 1820 puniendo
334 1751 679 1800 demonstrandis
697 1769 789 1798 non
812 1755 958 1800 minus
976 1754 1018 1801 se
1036 1754 1206 1812 laetari,
1237 1759 1313 1813 ait,
1345 1764 1485 1822 quam

81 1823 291 1871 bonitatis
311 1822 511 1880 largitate
533 1823 659 1868 Deut.
680 1818 921 1877 XXVIII,
943 1829 1021 1879 ⁶3·
1102 1823 1186 1869 Sed
1218 1824 1329 1871 haec
1354 1826 1484 1891 saepe

86 1889 344 1938 luculenter
354 1886 656 1935 ,demonstrata
676 1888 798 1943 sunt3
831 1905 918 1935 nec
937 1906 987 1934 ea
1007 1902 1213 1954 repetere
1232 1892 1404 1941 neceffe
1421 1892 1488 1942 est

83 1960 133 2006 in
150 1958 232 2004 hac
255 1956 573 2020 disputatione:
607 1966 782 2002 tantum
803 1957 926 2003 locus
949 1959 1235 2019 attingendus
1256 1961 1350 2016 fuit,
1382 1977 1489 2027 pro··

84 2035 259 2090 pterea,
300 2033 349 2069 vt
372 2025 541 2069 clarum
568 2020 696 2069 fieret
714 2022 777 2075 id,
824 2025 945 2086 quod
967 2027 1245 2080 volebamus,
1289 2029 1381 2076 hoc
1412 2026 1487 2085 est,

83 2093 372 2153 religionem,
427 2107 539 2154 quae
569 2089 748 2136 arbitrio
776 2089 928 2139 diuino
955 2093 1189 2142 constituta
1217 2094 1411 2151 dicatur,
1454 2093 1489 2142 fi

86 2160 218 2222 digna
234 2163 334 2206 Deo
354 2155 440 2205 esse
454 2157 633 2213 debeat,
662 2174 747 2204 nec
775 2159 897 2222 spem
920 2159 1067 2210 salutis
1087 2180 1346 2228 proponere
1366 2161 1491 2227 poffe

39 2284 46 2292 ι
86 2240 163 2276 aut
175 2226 340 2274 debere
358 2243 479 2283 eam,
514 2242 629 2290 quae
656 2224 891 2273 abhorreat
915 2226 967 2274 ab
996 2228 1156 2277 iustitia
1182 2242 1229 2277 et
1262 2229 1491 2278 sanftitate

90 2294 255 2351 diuina,
302 2311 407 2341 cum
443 2293 690 2340 consentiat
719 2309 821 2340 cum
862 2294 1081 2353 bonitate,
1123 2315 1216 2344 >nec
1261 2300 1407 2360 legem
1439 2313 1493 2346 ac

87 2361 278 2415 nodum
306 2363 418 2409 illius
446 2362 537 2426 spei
563 2361 914 2424 consequendae,
953 2365 999 2409 in
1028 2382 1121 2428 quo
1151 2363 1309 2413 iustitia
1341 2367 1492 2414 diuina

90 2429 299 2478 idoneam
321 2428 625 2492 conquerendi
643 2427 827 2476 caussam
851 2429 1014 2477 habere
1026 2432 1233 2479 videatur.
1264 2433 1321 2480 Id·
1338 2447 1492 2482 antem

75 2495 188 2549 -fieri
207 2497 385 2544 duobus
407 2496 570 2552 modis,
603 2494 932 2543 existimandum
954 2498 1038 2555 est3
1082 2501 1297 2564 primum,
1325 2501 1357 2549 fi
1374 2501 1492 2549 iusti-

95 2564 154 2610 fia
170 2575 318 2612 teneat
336 2567 403 2611 ius
422 2565 566 2619 suum,
608 2581 691 2610 nec
710 2579 896 2625 cogatur
916 2568 974 2613 ita
1001 2570 1045 2613 in
1066 2567 1290 2625 ordinem,
1332 2581 1379 2615 vt
1403 2569 1494 2617 fine

100 2628 274 2690 idonea,
303 2643 350 2680 et
370 2636 501 2680 certis
521 2629 694 2694 legibus
712 2634 798 2680 suis
818 2644 915 2698 apta
934 2634 1091 2690 caussa,
1125 2636 1341 2700 puniendi
1361 2637 1496 2685 facul·

1406 2716 1490 2761 tas,
