1682 3068
169 148 274 205 280
483 155 769 187 VINDICIAE
806 155 1060 189 Anarriur
1091 159 1269 191 nxvnu

175 263 349 309 tionem
377 259 663 322 benignitatis
696 261 868 312 diuinae
895 274 942 311 et
968 267 1156 311 Domini
1190 268 1226 311 I.
1258 266 1306 312 C.
1334 265 1411 314 tali
1440 265 1578 317 modo

178 330 445 376 consulentis
474 327 548 375 {ibi
567 340 613 375 et
642 330 932 378 imbecillitati
962 332 1090 388 suae3
1124 331 1240 378 vnde
1269 350 1395 381 amor
1421 335 1581 398 accipit

180 397 441 443 alimentum
463 396 756 445 dulciffimum
771 434 783 454 ‚
815 415 898 446 nec
918 402 1066 447 minus
1088 397 1388 447 inflammatur
1406 404 1582 450 animus

179 463 233 511 ad
252 462 444 511 studium
467 467 692 513 vniuersae
711 467 883 529 pietatis
902 478 947 515 et
969 465 1259 514 obedientiae.
1329 471 1460 516 Haeo
1478 486 1581 533 qua·

179 533 235 589 lia
255 543 301 578 et
319 542 486 596 quanta
505 530 602 587 fint,
632 533 823 581 sentiunt
847 536 923 599 pii,
959 546 1004 581 et
1023 535 1272 596 intelligere
1292 537 1423 583 etiam
1446 537 1583 585 ceteri

181 599 308 647 facile
327 597 524 662 poss‘unt,
573 598 602 647 Ιῖ
621 619 672 648 ea
699 598 817 648 reae
837 598 1112 649 considerare
1132 603 1281 662 velint.
1362 601 1433 650 Est
1462 605 1584 650 enim

185 669 234 714 in
254 678 460 731 promtu,
505 671 653 723 omnia
677 670 749 715 hic
774 667 859 716 effe
886 669 1018 734 plena
1045 667 1257 717 bonitatis
1279 681 1326 718 et
1352 670 1584 734 sapientiae

186 737 372 784 diuinae.
449 735 669 782 Nondum
691 735 797 794 dixi,
843 748 1006 800 quanta
1028 738 1070 783 in
1097 737 1251 785 iisdem
1281 735 1488 785 institutis
1520 739 1584 784 vis

186 801 237 851 fit
255 801 307 848 ad
330 801 576 863 iungendos
590 802 938 851 Christianorum
958 806 1128 851 animos
1143 817 1191 851 et
1211 808 1375 852 amoris
1398 820 1587 852 concor-

189 870 368 934 diaeque
388 872 565 917 vinculo
582 868 913 932 adstringendos
925 893 938 926 ς
977 874 1024 919 in
1047 889 1137 934 quo
1157 873 1250 936 ipso
1270 872 1332 919 est
1351 874 1588 936 sapientiae

190 937 364 985 diuinae
384 953 542 999 magna
559 940 906 986 commendatio.
1007 939 1092 985 Sed
1119 939 1236 987 illam
1257 951 1348 987 tam
1369 938 1586 989 salubrem

189 1017 236 1052 et
245 1009 351 1061 ¹Deo
368 1003 548 1066 dignam
570 1009 661 1053 vim
682 1007 845 1054 horum
875 1004 1176 1054 institutorum
1205 1007 1298 1053 eius
1318 1004 1590 1054 demonstrat

190 1074 365 1129 Paullus
387 1090 481 1120 non
492 1074 694 1121 vnoloco
723 1091 741 1120 1
769 1076 866 1125 Cor.
887 1075 947 1130 X,
967 1090 1036 1131 17.
1059 1075 1168 1135 Eph.
1183 1075 1267 1131 IV,
1279 1091 1302 1131 ς
1325 1083 1396 1122 eet.
1429 1073 1587 1131 Addat,

193 1143 268 1204 qui
308 1141 452 1197 volet,
500 1142 755 1207 Stakhzfium
796 1145 844 1187 in
883 1141 1061 1205 Deseris]
1094 1144 1230 1207 Relig.
1262 1142 1413 1206 Christ.
1441 1160 1472 1190 c.
1513 1158 1590 1200 23.

189 1209 229 1271 §.
253 1224 311 1265 50
323 1209 391 1271 sq.
420 1218 468 1254 et
483 1208 703 1271 Fosterum
716 1211 762 1255 in
788 1210 890 1272 Def
908 1210 996 1258 vtil.
1015 1219 1058 1256 et
1078 1213 1197 1257 verit.
1216 1210 1310 1257 Rel.
1334 1208 1487 1273 Christ.
1502 1225 1531 1255 c.
1549 1225 1590 1266 ς.

191 1277 267 1338 qui
287 1284 436 1322 tamen
458 1278 608 1323 omnia
638 1277 774 1323 refert
798 1276 851 1323 ad
871 1277 1044 1323 virtutis
1072 1287 1119 1322 et
1139 1274 1273 1323 officii
1303 1274 1590 1324 commenda-

192 1344 363 1390 tionem
376 1379 387 1398 ,
429 1360 520 1406 quo
547 1344 591 1390 in
613 1361 779 1405 genere
798 1344 938 1391 multa
957 1342 1072 1390 bene
1092 1343 1293 1406 disputat.

288 1425 367 1470 9¹·
410 1416 559 1474 Atque
591 1412 648 1459 ita
666 1411 859 1458 absoluta
880 1409 941 1457 est
966 1427 1067 1474 pars
1086 1410 1393 1474 disputatio-nis
1413 1407 1593 1458 ‘nostrae

195 1495 267 1533 ea,
307 1494 419 1542 quae
450 1478 505 1525 ad
525 1477 748 1527 arbitraria
776 1479 1002 1540 religionis
1024 1477 1217 1526 instituta
1236 1480 1307 1525 vel
1337 1479 1593 1526 communia

196 1546 375 1606 vtrique
395 1549 720 1604 oeconomiae,
741 1547 811 1593 vel
830 1548 1010 1611 propria
1031 1563 1175 1593 nouae
1190 1547 1399 1609 pertinet.
1426 1549 1593 1592 Trans-

193 1615 280 1660 itus
302 1613 408 1659 hinc
425 1612 552 1661 datur
570 1613 624 1661 ad
645 1632 715 1668 ea,
760 1631 875 1678 quae
895 1614 1100 1675 antiquae
1117 1613 1240 1660 sunt:
1282 1629 1414 1676 quem
1445 1611 1593 1660 facere

193 1697 287 1728 non
309 1678 562 1743 poffumus,
600 1679 680 1728 nisi
702 1680 895 1728 breuiter
914 1681 1160 1744 explicatis,
1201 1689 1278 1727 aut
1296 1679 1449 1727 saltem
1468 1676 1594 1727 taffis

193 1745 347 1795 eauffis
368 1746 646 1805 diuet-sitatis,
690 1766 803 1813 quae
834 1765 889 1795 eo
917 1749 966 1795 in
994 1763 1160 1808 genere
1177 1749 1379 1794 cernitur
1405 1749 1451 1795 in
1480 1757 1594 1794 vtra÷

193 1832 284 1881 que
302 1817 608 1873 oeconomia,
651 1827 699 1863 vt
717 1827 762 1863 et
783 1817 887 1862 hinc
907 1814 1072 1876 aliquid
1101 1816 1210 1862 lucis
1234 1813 1411 1862 accedat
1426 1815 1594 1878 sapien-

193 1886 280 1931 tiae
310 1881 486 1930 diuinae
511 1885 560 1930 in
585 1882 722 1930 modo
751 1882 919 1930 arbitrii
950 1883 1095 1937 illius,
1151 1881 1274 1946 quod
1304 1880 1596 1938 defendimus,

192 1948 391 2011 regendi.
426 1954 488 1998 Ea
509 1949 734 1999 diuersitas
752 1949 814 1998 est
835 1953 882 1998 in
904 1967 1094 1997 numero
1111 1950 1263 1997 talium
1274 1947 1598 2006 institutorum,

192 2020 272 2084 qui
292 2021 337 2065 in
358 2018 496 2083 prisca
516 2019 589 2066 illa
608 2021 885 2068 Oeconomia
901 2018 1128 2079 religionis
1152 2015 1214 2063 est
1232 2033 1516 2082 permagnus,
1549 2017 1596 2062 in

193 2087 281 2134 hac
301 2103 418 2133 noua
436 2097 609 2143 autem,
638 2103 721 2151 per
742 2083 964 2135 Christum
986 2096 1032 2133 et
1053 2081 1289 2148 Apostolos
1310 2085 1478 2140 sancita,
1500 2100 1598 2146 per-

189 2171 377 2219 parum,
425 2165 475 2201 vt
503 2154 717 2215 vidimus3
784 2153 960 2202 sublatis
991 2155 1159 2218 quippe
1188 2152 1396 2200 omnibus
1419 2162 1597 2215 praeter

190 2220 326 2268 fidem
339 2256 351 2278 ,
393 2231 438 2268 et
458 2221 723 2271 sacramenta
736 2258 748 2278 ,
797 2224 842 2269 in
862 2220 1019 2286 quibus
1037 2221 1208 2267 formae
1229 2219 1392 2284 priscae
1408 2218 1597 2265 abolitae

189 2290 316 2346 sunt,
367 2305 533 2350 genere
570 2289 663 2354 ipso
703 2290 901 2344 seruato,
955 2300 1001 2336 et
1036 2289 1164 2334 nouis
1204 2287 1358 2335 formis
1387 2283 1595 2333 industis.

190 2360 303 2406 Cum
327 2356 687 2407 autem,dubitari
708 2375 800 2404 non
819 2355 960 2423 poffit,
995 2357 1103 2419 quin
1123 2358 1222 2402 Deo
1242 2354 1429 2402 liberum
1450 2352 1598 2408 fuerit,

190 2441 432 2472 numerum
455 2425 576 2472 hunc
591 2442 775 2487 augere3
843 2425 990 2489 quaeri
1008 2421 1165 2480 libeat,
1207 2438 1319 2487 quae
1337 2419 1598 2484 effe-potue-

189 2493 285 2539 rint
305 2493 437 2538 huius
460 2495 694 2556 paucitatis
713 2491 877 2540 caussae
897 2496 998 2539 Deo
1018 2491 1188 2552 dignae.
1289 2493 1339 2536 In
1356 2504 1440 2553 qua
1469 2502 1598 2550 quae·

189 2557 332 2609 stione
352 2560 609 2623 explicanda
628 2578 722 2609 non
742 2559 990 2614 suffecerit,
1033 2568 1333 2622 vt'putamuS,
1370 2554 1435 2609 id,
1472 2551 1598 2616 quod

190 2625 392 2681 videmus
421 2625 571 2676 afferri
600 2646 625 2676 a
651 2630 828 2687 multis,
866 2644 970 2678 cum
996 2625 1171 2685 dicunt,
1213 2626 1258 2671 in
1286 2622 1364 2671 illo
1394 2622 1598 2734 Leuitileo

1474 2705 1531 2736 cu
1550 2697 1598 2735 tu
