1682 3068
221 145 323 194 490
587 149 653 178 mr
689 144 997 181 mazara-r:
1032 135 1256 183 :nexuri

220 252 395 301 insidias
431 252 663 318 perspicue
687 252 877 311 struens,
915 272 1010 305 non
1044 255 1349 307 defensionem
1384 255 1619 321 diligenter

218 338 392 386 parans,
421 334 710 387 appareatque
729 339 855 370 amor
873 334 921 372 et
943 323 1132 373 studium
1151 327 1358 382 veritatis,
1391 337 1438 374 et
1457 325 1619 381 dofitri·

217 405 302 436 nae
322 389 439 436 bene
458 390 739 453 explicandae
754 401 802 438 et
822 402 1022 440 accurate
1043 391 1346 445 defendendae
1365 393 1618 455 diligentia;

216 473 310 503 non
331 455 393 503 est
409 474 612 521 aequum,
643 459 863 507 licentiam
893 458 1172 523 exprobrare,
1203 477 1298 508 non
1320 465 1466 526 potius
1487 462 1617 511 liber-

217 525 321 571 tatis
343 526 574 572 veritatem
593 527 846 587 agnoscere.
912 530 1016 574 Nec
1034 526 1096 574 est
1116 526 1293 577 difficile
1312 530 1535 578 bonorum
1555 532 1616 577 vi-

217 608 372 639 rorum
403 590 583 640 doftam
617 592 898 648 modestiam,
943 598 1209 655 grauitatem
1237 606 1286 644 et
1311 594 1614 655 constantiam,

217 658 463 707 discernere
483 660 537 707 ab
558 673 807 709 ceterorum
823 663 1002 710 leuitate
1020 676 1066 711 et
1086 663 1277 712 libidine.
1343 664 1486 713 Aliter
1501 674 1609 714 catu·

216 729 248 774 li
269 728 391 782 olent,
424 729 482 773 ait
502 727 586 784 illa,
619 730 744 778 aliter
751 730 867 794 fiaes.
936 733 1176 779 Prurientis
1196 728 1339 791 gestus
1361 733 1491 780 etiam
1507 733 1609 780 leui-

215 804 288 842 ter
310 794 555 842 attendenti
582 797 888 844 obseruantur:
916 796 1078 845 scabies
1099 816 1206 847 vero
1235 802 1369 846 etiam
1390 802 1435 846 in
1457 800 1607 848 oeulos

213 863 416 909 incurrit.
486 871 636 927 Atque
665 868 796 911 etiam
824 867 1025 928 iniquum
1055 866 1186 924 foret,
1216 867 1360 930 lapsus
1388 884 1544 917 omnes
1564 869 1607 916 in

214 929 309 977 hoc
339 946 502 990 genere
532 932 694 996 aliquid
720 934 988 980 tentantium
1018 934 1185 981 referre
1212 933 1266 982 ad
1295 934 1535 991 licentiam,
1563 943 1607 982 et

213 996 270 1044 ad
296 998 518 1045 infamiam
549 1016 731 1052 vocare,
773 998 1028 1064 praesertim
1058 998 1089 1046 fi
1119 1003 1252 1048 etiam
1279 1004 1432 1049 aetatis
1463 1003 1606 1068 aliqua

212 1065 432 1117 excusatio
463 1066 664 1122 accedat,
698 1084 812 1130 quae
838 1065 916 1129 ipsi
934 1068 1124 1115 Lutbero
1152 1078 1199 1115 et
1223 1069 1421 1132 vsurpata
1448 1067 1529 1126 est,
1557 1079 1606 1117 et

208 1131 384 1196 profuit
402 1136 448 1179 in
469 1135 543 1180 tali
568 1150 748 1195 genere.
815 1138 919 1181 Nec
936 1151 1043 1181 vero
1065 1138 1198 1183 nimis
1216 1134 1384 1183 duriter
1401 1137 1504 1185 sunt
1522 1147 1605 1184 tra·

208 1197 366 1247 standa
394 1203 595 1262 ingenia,
630 1201 849 1266 praeclara
881 1202 1131 1267 praesertim
1159 1205 1407 1260 iuniorum,
1437 1221 1498 1251 ne
1521 1220 1603 1268 op-

205 1269 425 1332 primatur
457 1267 578 1316 insita
598 1271 661 1316 vis
681 1281 726 1316 et
746 1267 1066 1331 exstinguatur,
1099 1287 1210 1334 quae
1238 1270 1432 1323 fouenda
1457 1274 1604 1338 potius

207 1332 290 1391 est,
325 1346 372 1382 et
390 1337 572 1383 lenitate
602 1335 870 1385 admonendi
895 1336 1101 1398 regenda.
1169 1340 1348 1386 Etenim
1376 1348 1492 1387 aetas
1515 1339 1604 1396 illa,

204 1402 409 1450 nondum
432 1405 565 1465 longa
585 1406 899 1452 exercitatione
918 1405 1000 1460 vsa,
1022 1406 1155 1452 etiam
1179 1407 1287 1453 leuis
1308 1407 1468 1472 speciei
1481 1405 1603 1454 blan·

204 1468 323 1517 ditiis
354 1474 536 1535 capitur,
571 1472 823 1536 labitur-que
853 1472 1095 1538 cupiditate
1121 1475 1277 1535 magis,
1306 1491 1439 1539 quam
1460 1475 1602 1540 praui-

203 1546 310 1594 tate,
347 1538 542 1603 denique
568 1541 660 1604 ipso
690 1541 823 1605 lapsu,
856 1538 888 1586 fi
916 1545 1056 1587 amica
1082 1557 1224 1588 manu
1257 1542 1443 1598 attollas
1465 1539 1516 1588 fit
1544 1539 1601 1589 ad

202 1606 453 1654 cauendum
473 1606 740 1668 diligentior.
810 1607 949 1672 quue
965 1608 1109 1661 multo
1139 1610 1276 1669 magis
1297 1608 1352 1655 de
1367 1609 1500 1657 altero
1518 1607 1599 1655 illo

200 1690 393 1734 genere,
442 1674 564 1738 quod
584 1675 928 1738 proposuimus,
974 1676 1108 1730 valet,
1145 1674 1288 1739 quod,
1329 1690 1597 1739 quamquam

198 1740 337 1805 ipsam
367 1740 615 1788 dostrinam
644 1744 789 1805 aliqua
820 1759 872 1788 ex
894 1752 1019 1806 parte
1037 1743 1232 1802 attingit,
1265 1740 1514 1791 historicum
1532 1753 1596 1790 ta-

199 1824 306 1855 men
336 1806 398 1854 est
422 1811 633 1855 maxime:
664 1812 712 1855 in
743 1826 837 1871 quo
865 1811 999 1856 etiam
1016 1810 1248 1856 Lutherum
1276 1808 1467 1860 nostrum
1489 1809 1595 1856 libe—

198 1877 388 1930 riorem,
431 1878 491 1923 ita
522 1875 714 1923 liberum
736 1873 883 1933 fuisse,
916 1874 1096 1929 constat,
1135 1876 1387 1939 praesertim
1412 1879 1594 1938 vigente

198 1953 352 2000 aetate,
381 1953 432 1990 vt
450 1946 519 1990 vix
538 1946 586 1991 in
616 1945 716 1999 alio,
747 1945 878 1990 etiam
909 1943 989 2001 sui,
1021 1943 1120 1990 satis
1141 1943 1268 1991 laturi
1284 1941 1402 1991 fuisse
1422 1943 1596 1992 videan-

197 2020 294 2059 tur:
332 2009 570 2075 qualeest,
601 2010 726 2076 quod
759 2014 844 2058 iam
876 2021 995 2067 tum,
1030 2027 1159 2065 cum,
1192 2021 1377 2076 propter
1398 2014 1596 2077 paucita-

195 2089 288 2126 tem
317 2077 552 2136 librorum,
597 2079 745 2126 saltem
776 2077 978 2139 ambigua
1005 2095 1076 2125 res
1105 2076 1233 2134 esset,
1266 2084 1412 2128 umen
1441 2080 1593 2128 seuere

192 2145 447 2211 repudiauit
467 2144 594 2193 testes
623 2148 670 2193 in
693 2146 823 2193 coelo
850 2164 872 2194 1
895 2150 964 2194 Ιο.
987 2146 1042 2194 V-
1061 2143 1227 2210 punsta
1253 2147 1592 2197 autemCodicis

192 2214 389 2261 hebraici
425 2213 514 2261 fine
544 2215 810 2278 exceptione
844 2215 1035 2274 ingeniis
1063 2210 1366 2275 magistrorum
1393 2214 1593 2263 Iudaico·

191 2299 295 2329 rum
322 2281 501 2336 tribuit,
542 2293 589 2329 et
627 2281 754 2344 saepe
789 2280 958 2328 fallacia
985 2279 1236 2329 constanter
1265 2283 1590 2346 pronunciauit.

190 2350 280 2397 Sed
301 2360 345 2396 et
365 2352 410 2396 in
432 2350 500 2396 his
522 2358 568 2394 et
588 2351 632 2396 in
653 2349 748 2396 aliis
774 2348 1018 2409 generibus
1037 2347 1090 2396 ab
1119 2349 1292 2398 licentia
1310 2349 1442 2398 nobis
1463 2366 1593 2397 cauce

191 2415 354 2472 bimus,
374 2428 421 2464 et
440 2416 650 2468 libertatis
669 2433 798 2464 verae
813 2427 858 2463 et
877 2413 1082 2463 honestae
1091 2414 1202 2465 fines
1222 2415 1590 2474 conseruabimus‚

186 2481 220 2531 fi
242 2494 288 2531 et
310 2485 433 2545 leges
453 2485 545 2531 illas
569 2476 796 2540 libertatis,
816 2501 924 2548 quas
944 2482 1181 2547 posuimuS,
1199 2485 1451 2534 tenebimus
1469 2483 1587 2548 pres-

187 2549 300 2605 fiuS,
331 2562 379 2597 et
409 2551 597 2599 modum
628 2553 719 2599 eius
762 2550 1038 2598 exercendae
1062 2550 1343 2614 «sanabimus,
1364 2554 1500 2600 :cuius
1527 2550 1589 2598 sa-

187 2618 483 2685 pientiffimos
511 2619 717 2671 homines
745 2617 961 2678 austures,
1001 2620 1227 2681 Luthcrusn
1258 2636 1364 2668 vero
1387 2630 1435 2666 et
1447 2620 1588 2734 1Tagi-

1484 2703 1585 2736 rum
