1682 3068
217 128 319 189 466
362 143 636 174 wamia-no
682 134 898 174 enm-rea
929 144 993 174 nn
1035 145 1552 183 munzun-rarione:

149 298 155 301 ,
219 252 369 298 nitatis
388 249 579 297 modum
600 247 866 309 excedentia,
898 250 960 298 ad>
973 248 1193 299 Christum
1213 253 1470 302 referantur.
1537 259 1618 304 Ita·

221 335 310 379 que
331 335 425 365 non
446 315 544 374 esse,
577 316 784 364 omnibus
802 315 959 365 eodem
979 319 1118 366 modo
1138 320 1494 386 interpretandis,
1527 325 1627 372 vim

221 383 467 432 faciendam
487 385 734 449 prophetis,
768 381 864 441 nec,
889 403 1001 450 quae
1030 385 1246 444 historice,
1281 389 1337 436 de
1367 388 1499 438 rebus
1519 390 1621 438 illo-

219 470 319 500 rum
347 463 618 516 temporum,
651 450 764 499 dian
792 451 888 509 sint,
921 453 1176 519 accipienda
1206 455 1262 502 de
1288 456 1419 504 rebus
1444 457 1622 516 futuris,

222 531 269 568 et
294 520 347 568 ad
368 517 588 567 Christum
616 517 968 584 pertinentibus:
1004 538 1137 586 quam
1163 523 1237 570 ille
1253 521 1437 575 θεωρίαν
1466 534 1633 582 voeat3⁵

221 605 321 645 nec,
353 604 469 653 quae
491 604 543 633 ex
569 588 658 634 hoc
675 603 836 648 genere
858 585 954 646 sint,
989 589 1041 636 ad
1061 588 1171 636 illud
1190 608 1274 656 per
1300 573 1389 639 vifn
1410 591 1624 640 trahenda

223 654 323 703 effe.
386 659 438 702 In
469 670 600 719 quam
630 654 888 703 sententiam
908 657 1042 704 etiam
1060 657 1149 703 aliis
1177 658 1443 722 quibusdam
1461 661 1508 706 in
1532 662 1624 725 epi·

223 722 356 779 stolis,
389 721 579 770 trastans
608 722 705 769 loca
730 723 1013 788 prophetica,
1056 722 1226 772 disserit.
1295 725 1444 780 Etest
1471 729 1623 791 vtique

225 793 299 840 illa
327 801 429 852 tum
459 788 714 846 obseruatio,
744 800 842 837 tum
870 790 976 838 inde
1007 790 1138 838 dusta
1163 794 1315 854 regula
1349 793 1474 841 valde
1493 792 1625 853 bona,

226 858 299 907 sed
321 874 403 904 nec
425 856 632 904 omnibus
653 858 763 904 locis
782 866 894 921 apta,
930 869 974 904 et
1001 857 1224 907 interdurn
1244 858 1467 908 difficilem
1486 862 1628 927 appli-

227 929 447 975 cationem
474 923 619 971 reddit
646 934 742 971 turn
769 925 946 985 linguae
979 925 1205 973 hebraicae
1225 927 1410 986 indoles,
1438 938 1536 975 turn
1557 944 1628 975 re·
1659 983 1661 985 ¹

229 1011 332 1042 rum
363 991 553 1058 ipsarum
575 1004 740 1039 natura.
809 995 966 1055 Itaque
989 1009 1092 1039 cum
1115 1011 1251 1042 nemo
1278 995 1404 1042 facile
1424 997 1627 1057 regulam
1662 999 1677 1007 ‘

228 1062 362 1128 ipsam
392 1059 616 1123 repudiet,
666 1070 818 1104 tamen
857 1059 903 1104 in
930 1055 1109 1121 singulis
1142 1062 1252 1108 loeis
1279 1064 1628 1126 interpretandis

229 1128 285 1178 ad
305 1129 420 1175 hanc
440 1127 649 1189 regulam,
683 1123 808 1173 valde
828 1124 1086 1192 discrepant.
1155 1127 1242 1175 Sed
1259 1130 1306 1175 in
1331 1127 1512 1178 historia
1528 1147 1641 1196 per-·

264 1213 402 1246 emus.

229 1215 264 1260 g
329 1267 383 1310 In
403 1260 590 1308 eandem
609 1262 749 1322 igitur
777 1271 966 1310 aetatem
996 1262 1150 1311 incidit
1173 1255 1358 1330 cyrillus
1375 1264 1632 1314 Alexandri·

231 1348 332 1387 nus,
367 1332 490 1377 cuius
514 1327 868 1378 Commentarios
889 1332 1181 1396 propheticos
1202 1334 1371 1381 multos
1401 1332 1632 1380 habemus.

233 1398 321 1448 Sed
350 1396 406 1444 de
435 1400 803 1462 interpretatione
834 1399 1155 1464 prophetarum
1185 1400 1290 1464 quid
1317 1401 1516 1458 senserit,
1539 1400 1632 1466 plass

234 1483 344 1515 num
363 1463 425 1512 est
444 1485 469 1512 e
486 1465 760 1530 praefatione
778 1469 1098 1514 Commentarii
1128 1469 1173 1513 in
1192 1468 1380 1531 Efiu‘am,
1413 1471 1523 1515 etin
1543 1468 1633 1516 Za·

235 1537 433 1591 chariam,
466 1535 534 1595 (T.
554 1536 622 1580 II.
645 1542 685 1581 et
703 1536 797 1581 III.
823 1534 952 1596 opp.)
992 1537 1199 1599 itemque·
1214 1551 1240 1581 e
1262 1537 1516 1601 (implumis,
1550 1537 1632 1584 i..e.

237 1600 407 1650 seleais
427 1614 473 1648 et
501 1598 746 1661 infignibus,
771 1602 892 1655 locis,
923 1602 1405 1665 Pentateucln'L.Lpr.
1473 1601 1635 1651 Crede-

237 1672 314 1718 bat
352 1670 440 1722 iile,
471 1672 613 1714 Vetus
631 1666 965 1716 Testamentum
993 1679 1140 1716 totum
1165 1667 1249 1716 effe
1266 1668 1453 1730 figuram
1473 1667 1634 1718 Christi

240 1750 287 1785 et
304 1741 368 1787 N.
386 1740 447 1783 T.
467 1734 586 1798 quod
605 1735 682 1782 suo
707 1735 844 1793 modo
863 1752 1019 1782 verum
1036 1733 1119 1794 est;
1152 1735 1227 1782 sed
1244 1736 1437 1783 vniuerse
1466 1735 1635 1784 distum

236 1804 373 1852 habet
400 1802 750 1862 ambiguitatem*
768 1799 977 1849 lubricam
1005 1804 1051 1849 in
1077 1802 1422 1867 interpretando,
1453 1797 1566 1869 quae
1586 1813 1634 1850 et

240 1874 385 1936 ipsum
405 1871 594 1933 decepit,
627 1879 672 1916 et
698 1868 752 1916 ad
771 1871 1081 1930 Origenianam
1111 1873 1331 1917 rationem
1349 1873 1638 1935 interpretan-

243 1940 287 1987 di
318 1940 451 1985 nimis
477 1937 731 1994 inclinauit3
762 1937 1013 2000 praesertim
1043 1939 1117 2001 qui
1145 1935 1263 1995 esset,
1295 1949 1344 1986 vt
1371 1939 1638 2005 Athanasius,

243 2007 299 2054 de
333 2023 424 2070 quo
459 2005 609 2069 supra,
652 2005 928 2052 exercitatior
954 2006 1002 2051 in
1030 2003 1288 2066 dogmaticis
1316 2003 1654 2060 controuerfiis,·

246 2092 379 2139 quam
407 2075 453 2119 in
479 2074 644 2133 linguis
669 2070 918 2119 traffiandiS.
985 2071 1071 2120 Sed
1088 2082 1238 2120 tamen
1259 2071 1478 2120 historiam
1501 2075 1638 2120 inter-

245 2142 351 2189 dum
371 2141 590 2204 relinquit,
621 2149 667 2186 et
693 2142 736 2187 in
769 2156 816 2186 ea
837 2149 1007 2187 tantum
1027 2138 1215 2201 figuram
1236 2138 1392 2187 Christi
1410 2140 1638 2203 agnoscit3

248 2226 416 2264 verum,
446 2225 560 2270 quae
585 2220 679 2254 non
709 2209 889 2270 ingenio
919 2208 1115 2255 humano
1143 2206 1246 2255 fista
1264 2205 1331 2262 fit,
1360 2207 1434 2254 sed
1452 2208 1639 2255 consen-

248 2280 329 2325 tiat
359 2274 540 2323 consilio
578 2273 758 2329 diuinO,
811 2285 860 2322 vt
899 2276 947 2322 in
972 2277 1150 2323 Zemaclz
1178 2277 1411 2325 Zachariae
1445 2276 1516 2334 (Z'.
1536 2277 1638 2322 III.

239 2365 290 2410 p.
300 2349 429 2406 705.)
442 2354 487 2390 et
507 2340 538 2388 fi
558 2341 663 2405 quid
687 2341 804 2389 aliud
824 2341 1240 2403 adiungitegenere
1259 2339 1641 2408 morali,persimi·

246 2409 481 2461 litudinem
501 2421 691 2466 tantum,
705 2406 927 2456 doetrinae
947 2408 1222 2457 illustrandae
1241 2408 1377 2457 caussa
1399 2410 1568 2464 facit,vt
1588 2409 1638 2456 in
1674 2405 1676 2411 ’

175 2496 178 2500 ’
246 2483 344 2529 Ioel
358 2482 453 2532 III,
480 2494 524 2540 9.
544 2488 591 2523 et
612 2494 686 2536 24.
721 2478 793 2537 (T
813 2479 908 2524 ΙΙΙ.
927 2494 974 2539 p.
998 2492 1106 2539 234.
1128 2481 1257 2540 244.)
1277 2487 1323 2524 et
1339 2478 1447 2524 locis
1468 2477 1574 2523 aliis.

346 2544 570 2592 Poffemus
598 2543 763 2590 referre
791 2543 961 2607 plures,
993 2555 1041 2591 vt
1067 2548 1266 2592 Seuerum
1291 2544 1666 2601 Antiochenumf·

249 2615 542 2679 Euthymium,
576 2622 622 2658 et
640 2611 748 2658 aiios
777 2611 949 2660 serioris
980 2613 1078 2659 aeui
1107 2614 1370 2678 interpretes
1397 2603 1664 2676 Propheta-i

1537 2694 1637 2726 rum
