1682 3068
136 167 236 217 429
445 171 522 202 An
565 157 919 205 I.con.x1v.
987 175 1060 204 ni:
1096 175 1262 205 nono

139 270 286 341 δειχῆς
314 276 431 324 clare
455 273 681 340 distinguit
703 295 742 327 v.
766 285 808 328 6.
838 296 908 338 19.
985 284 1133 344 Atque
1161 283 1295 328 etiam
1323 274 1384 328 'ita
1412 277 1549 349 quos-

139 345 243 394 dam
274 348 392 392 inter
416 346 529 393 sacra
553 347 705 407 lingua
734 350 964 412 peregrina
987 348 1165 395 locutos
1185 347 1271 396 effe
1292 348 1450 396 diserte
1468 362 1552 398 tra·

141 414 230 468 dit,
267 424 335 467 vt,
372 431 484 478 quae
501 414 721 473 dixissent,
759 416 831 463 sua
850 417 1000 475 lingua
1022 417 1215 474 tradere,
1255 417 1347 464 hoc
1366 416 1448 474 est,
1488 420 1551 464 in·

138 484 379 544 terpretari
407 499 502 529 non
532 480 726 547 possent,
779 500 862 530 nec
890 485 1149 547 quisquam,
1201 485 1307 548 quid
1340 482 1554 542 dixissent,

140 549 292 604 sciret,
344 547 420 595 nisi
451 561 526 596 aut
553 549 631 614 ipsi
661 551 821 614 pariter
850 551 1064 598 haberent
1094 552 1302 599 charisma
1330 554 1551 617 interpre-

143 616 294 673 tandi,
331 634 446 680 quae
469 617 614 680 glossis
637 615 750 664 dista
773 617 929 675 essent,
956 630 1032 665 aut
1047 618 1218 683 praesto
1238 619 1364 678 esset,
1399 621 1474 685 qui
1493 620 1555 667 fa·

143 686 359 732 cultatem
390 684 602 732 diuinitus
632 685 815 733 haberet
844 687 1184 751 interpretandi,
1221 705 1334 752 quae
1356 690 1416 734 ita
1445 704 1552 753 pro-

142 753 230 801 lata
251 750 399 799 essent.
477 757 535 800 Et
563 754 660 800 talia
679 753 782 800 sunt
801 756 940 801 multa
964 755 1047 801 alia
1071 756 1113 802 in
1137 758 1279 819 capite
1301 766 1462 820 quarto
1482 752 1552 801 de-

142 823 286 876 cimo,
318 831 367 867 vt
390 837 428 867 v.
451 837 492 867 2.
513 821 608 876 vbi,
643 823 723 885 qui
744 823 895 882 lingua
913 826 1150 885 »peregrina
1172 823 1437 886 loquantur,
1457 819 1553 874 noti

140 887 404 937 hominibus
421 887 546 951 loqui
567 888 693 943 dicit,
732 892 834 953 quia
854 906 991 935 nemo
1011 890 1258 950 intelligat3
1305 907 1404 937 nam
1425 889 1468 936 id
1491 888 1553 936 est

145 950 259 1010 ἐὸεᾶς
278 952 430 1005 duint
472 967 519 1002 vt
539 974 576 1003 v.
603 972 622 1001 1
637 972 674 1012 3.
700 956 771 1002 vbi
790 973 867 1004 eos
889 955 1013 1003 iubet
1033 973 1191 1018 rogare
1211 960 1359 1003 Deum
1375 993 1385 1013 ,
1418 967 1466 1004 vt
1484 972 1554 1005 ae·

142 1027 310 1088 cipiant
322 1026 419 1070 -vim
443 1024 787 1085 interpretandi,
835 1041 948 1088 quae
980 1040 1060 1087 per
1086 1020 1242 1084 glossas
1261 1024 1457 1071 dixissent
1486 1027 1553 1072 in-

136 1092 338 1157 spirante
359 1092 525 1154 Spiritu
548 1091 722 1137 diuino:
767 1108 806 1137 v.
827 1102 902 1144 28.
927 1089 1000 1138 vbi
1031 1091 1157 1138 iubet
1176 1107 1254 1138 eos
1285 1090 1430 1147 silere,
1469 1108 1554 1138 nec

142 1161 208 1207 vti
225 1158 348 1206 dono
371 1159 471 1210 suo,
508 1157 580 1204 vbi
601 1155 708 1203 desit
728 1159 976 1222 interpres:
1015 1175 1055 1205 v.
1084 1174 1156 1216 19.
1185 1157 1257 1205 vbi
1276 1158 1318 1204 se
1339 1162 1399 1207 ait
1418 1159 1555 1205 malle

143 1229 300 1288 lingua
321 1227 490 1286 vulgari
510 1226 638 1289 loqui
655 1226 702 1271 in
716 1225 937 1281 Ecclesia,
969 1237 1018 1272 vt
1035 1225 1145 1272 alios
1166 1225 1351 1273 erudiat.
1427 1231 1556 1282 Quae

145 1297 303 1343 omnia
320 1295 501 1358 planum
526 1292 712 1351 faciunt,
753 1294 794 1340 id
817 1293 987 1341 donum
1014 1296 1200 1358 proprie
1221 1291 1278 1339 ad
1297 1291 1556 1341 docendum

144 1362 300 1412 datum
322 1378 414 1408 non
436 1359 559 1407 fuisse
568 1383 581 1416 ;
622 1358 701 1407 etsi
720 1361 773 1408 ad
793 1360 927 1408 fidem
958 1365 1259 1425 pietatemque
1280 1361 1555 1408 excitandam

144 1431 442 1494 alendamque
469 1427 672 1493 prodesse
701 1440 892 1495 poterat,
942 1428 972 1476 si
1001 1430 1100 1494 quis
1131 1427 1292 1476 adesset
1315 1429 1456 1484 forte,
1504 1440 1556 1476 vt

142 1499 255 1546 olim
286 1496 636 1560 Hierosolymis,
691 1499 767 1564 qui
794 1497 1046 1559 intelligere
1070 1495 1239 1562 posset,
1287 1506 1362 1544 aut
1390 1495 1422 1544 fi
1455 1497 1556 1562 quis

143 1562 260 1615 dista
281 1568 665 1631 interpretaretur.

242 1703 381 1758 Dicat
394 1701 568 1764 aliquis,
613 1698 692 1753 etsi
723 1715 814 1746 non
842 1700 888 1744 in
911 1698 1120 1745 omnibus
1140 1697 1193 1744 ad
1211 1696 1388 1744 dicendi
1414 1697 1556 1744 facul-

144 1778 288 1817 tatem
319 1770 610 1833 pertinuerit,
651 1777 806 1813 tamen
836 1768 882 1812 in
910 1764 1133 1831 Apostolis
1161 1782 1217 1812 eo
1245 1762 1439 1830 spestare
1472 1779 1555 1830 po-

143 1833 286 1885 tuisse.
387 1841 447 1881 At
483 1834 659 1881 Paullus
690 1835 769 1881 illo
801 1833 922 1880 dono
956 1834 1083 1899 supra
1112 1845 1286 1880 ceteros
1316 1831 1552 1879 instruHus

142 1905 251 1961 fuit,
285 1913 334 1950 vt
353 1903 443 1966 ipse
462 1904 546 1960 ait,
597 1919 666 1960 14,
692 1912 763 1955 18.
819 1903 1000 1950 Gratias
1028 1917 1110 1966 ogo
1134 1905 1251 1956 Deo,
1291 1904 1404 1965 quod
1434 1902 1554 1947 vobis

145 1975 332 2021 omnibus
353 1975 493 2031 magis
504 1970 672 2034 poffum
689 1970 800 2033 loqui
818 1971 970 2034 linguis
988 1972 1255 2033 peregrinis;
1293 1966 1418 2031 quod
1438 1966 1553 2013 male

142 2033 447 2106 peruertuntJ
487 2041 583 2103 qui,
632 2052 691 2083 -ex
719 2035 919 2084 versione
950 2036 1105 2092 latina,
1156 2037 1364 2101 μᾶλλον,
1405 2035 1554 2099 magii,

143 2107 282 2155 deleri
304 2107 488 2160 volunt,
525 2104 817 2169 referuntque
845 2103 900 2152 ad
932 2102 1266 2151 multitudinem
1287 2105 1551 2163 linguarum,

141 2192 246 2224 cum
269 2174 322 2220 ad
352 2174 644 2237 frequentiam
675 2172 770 2220 vsus
800 2174 1029 2236 pertineat.
1127 2171 1247 2226 Quid
1278 2171 1399 2217 enim
1434 2166 1554 2226 esset,

140 2243 323 2311 vestrum
345 2247 517 2290 omnium
547 2244 698 2305 linguis
727 2243 839 2306 loqui
859 2240 1053 2304 poffiem;
1090 2255 1193 2285 cum
1225 2237 1448 2285 Corinthii
1468 2252 1553 2282 vna

61 2317 63 2326 ³
142 2324 300 2372 graeca
322 2312 471 2368 lingua
493 2320 735 2356 vterentur.
813 2312 933 2355 Nam
964 2306 993 2353 si
1015 2309 1204 2353 maxime
1232 2305 1291 2351 ibi
1315 2302 1455 2351 essent
1482 2306 1553 2350 lu·

143 2378 241 2425 daei
269 2378 469 2442 quidam,
511 2379 585 2440 qui
613 2377 747 2423 etiam
770 2375 992 2422 chaldaice
1022 2375 1146 2437 loqui
1174 2370 1373 2437 possent,
1414 2370 1459 2417 id
1490 2382 1554 2416 ta·
1620 2401 1630 2411 ·

141 2461 250 2492 men
272 2463 365 2492 non
383 2442 509 2498 esset,
553 2460 638 2491 nec
656 2442 843 2505 dignum
862 2444 932 2490 illa
947 2442 1024 2489 tali
1045 2436 1373 2502 gratulatione?
1395 2453 1481 2484 nec
1499 2437 1552 2484 ad

140 2513 266 2559 hunc
285 2515 434 2558 locum
453 2514 725 2576 pertineret,
765 2513 810 2557 in
831 2527 921 2575 quo
951 2526 1044 2556 non
1069 2507 1125 2555 de
1153 2509 1314 2569 linguis
1333 2505 1407 2554 vsu
1427 2521 1554 2552 com·

91 2592 93 2595 ’
139 2582 321 2644 paratis,
363 2580 436 2625 sed
457 2579 666 2626 diuinitus
697 2577 849 2626 infusis
869 2579 1013 2624 sermo
1034 2575 1107 2622 est.
1186 2580 1467 2638 Quamquam
1505 2582 1552 2619 et

140 2648 415 2712 Epiphanius,
445 2646 601 2695 austor
618 2649 665 2695 in
685 2646 774 2694 hoc
797 2661 962 2709 genere
978 2661 1072 2692 non
1095 2644 1310 2708 locuples,
1340 2641 1392 2687 ad
1415 2639 1554 2687 solam

1350 2723 1551 2770 graecam
