1682 3068
171 171 267 226 178
472 175 758 210 vmmcum
790 155 1046 211 'Aneirnn
1082 180 1270 213 mvmx

170 291 232 336 Et
262 282 442 351 quando
470 286 517 331 in
546 287 672 333 omni
704 301 867 348 genere
906 287 1152 352 plurimum
1185 288 1335 336 valent
1365 289 1578 356 exempla,

175 351 399 418 officiique
419 353 607 400 humani
628 351 712 408 est,
747 371 877 418 quam
899 356 1143 420 plurimum
1165 353 1367 421 prodesse
1385 357 1492 416 aliis,
1527 367 1579 406 vt

173 425 221 469 in
250 418 385 469 rebus
413 421 466 468 ad
483 424 616 469 vitam
640 422 885 483 humanam
913 422 1264 487 pertinentibus,
1315 425 1398 481 ita,
1445 437 1578 490 atque

173 490 319 537 multo
340 488 450 537 adeo
471 493 632 552 magis,
671 491 718 537 in
739 491 813 545 iis,
847 489 1008 555 quibus
1030 493 1192 538 mentis
1220 492 1446 556 animique
1475 509 1584 558 per-⁴

175 556 316 606 fefflo
334 559 608 605 continetur:
647 558 745 621 quis
767 573 861 603 non
882 557 1003 605 videt
1021 557 1104 606 effe
1124 560 1490 615 consentaneum,
1528 569 1581 607 vt

177 642 310 692 quam
338 623 639 691 plurimafint
662 621 920 681 constituta,
956 626 1117 690 quibus
1147 626 1330 687 agendis
1359 629 1494 694 pietas
1529 628 1581 676 in

175 698 328 742 Deum
347 693 549 740 declarari
568 703 613 739 et
621 693 745 740 velut
757 690 1058 756 adspestabilis
1078 692 1205 742 reddi
1219 693 1364 759 poffit.
1398 695 1579 742 Etenim

176 763 271 810 hoc
289 777 429 823 genus
449 771 600 807 natura
617 759 706 824 ipsa
732 777 887 825 parum
907 760 1138 818 definitur,
1169 761 1242 808 sed
1262 774 1414 810 totum
1432 778 1588 830 propa

179 825 455 889 arbitrarium
476 825 538 874 est
554 844 605 874 ac
623 829 945 877 voluntarium:
966 829 1222 895 habentque
1231 827 1425 880 afflones
1437 841 1581 879 extet·

178 915 265 947 nae
279 897 448 961 pietatis
468 895 580 942 illius
601 893 976 957 significationem,
999 914 1093 948 non
1112 898 1349 949 necess'ario
1363 917 1413 947 ac
1423 911 1582 948 natura.

181 967 274 1020 sua,
322 962 396 1026 sed
422 965 789 1027 interpretatione
817 975 950 1032 atque
970 968 1207 1034 opinione3
1262 986 1375 1033 quae
1400 966 1582 1017 existere

179 1048 276 1083 non
303 1029 470 1097 potest,
511 1029 589 1077 nifi
616 1029 670 1078 ab
698 1033 799 1094 lege
829 1035 973 1099 aliqua
1001 1047 1134 1101 atque
1157 1032 1372 1084 instituto.
1468 1038 1583 1083 Eam

179 1101 325 1162 legem
346 1110 496 1147 autem
516 1117 542 1146 a
561 1116 650 1163 quo
672 1098 736 1148 fas
758 1099 820 1148 est
846 1102 1023 1160 sanciri,
1063 1101 1148 1150 nifi
1175 1120 1201 1150 a
1220 1107 1321 1150 Deo
1342 1102 1463 1169 ipso,
1499 1103 1582 1166 qui

179 1166 431 1232 grauiffime
447 1166 843 1234 sapientiffimeque
859 1169 1025 1236 potest,
1069 1181 1116 1217 et
1143 1170 1197 1218 ad
1224 1181 1425 1218 naturam
1460 1169 1582 1217 suam

179 1238 510 1301 humanamque
529 1253 661 1299 quam
680 1239 867 1284 maxime
885 1237 1256 1287 accommodate?
1290 1237 1504 1286 Videmus
1532 1238 1583 1284 in

179 1302 454 1360 hominibus,
476 1304 598 1351 velut
607 1305 1030 1364 Regibusffiolendis
1049 1305 1408 1370 honoranffisque
1419 1313 1584 1370 quanta

179 1373 362 1422 varietas
383 1368 436 1418 fit
454 1381 500 1417 et
518 1370 822 1430 inconstantia,
833 1374 922 1421 aliis
937 1373 1055 1439 apud
1067 1374 1173 1422 alios
1194 1373 1381 1421 honoris
1391 1371 1584 1420 habendi
1650 1392 1655 1395 ·

181 1438 422 1502 generibus
437 1454 565 1486 more
582 1442 785 1504 receptis,
801 1442 848 1488 in
866 1443 1008 1506 iisque
1025 1458 1158 1507 quam
1176 1441 1315 1488 multa
1324 1438 1583 1506 fintparum

182 1509 376 1569 grauiter
395 1516 530 1571 atque
550 1507 660 1555 adeo
680 1510 835 1573 inepte
861 1508 1135 1574 ridiculeque
1164 1507 1411 1557 constituta·
1506 1513 1581 1554 An

180 1592 287 1623 vero
315 1574 435 1621 idem
464 1578 512 1621 in
533 1573 688 1622 diuino
711 1576 836 1623 cultu
862 1587 1132 1624 euenturum
1159 1593 1254 1623 non
1280 1586 1514 1641 putamus,
1548 1571 1582 1620 fi

178 1642 366 1690 honoris
377 1646 479 1689 Deo
491 1640 737 1690 aGionibus
748 1645 939 1690 externis
956 1641 1145 1690 habendi
1160 1640 1322 1690 modus
1342 1643 1582 1690 hominum

181 1705 362 1757 arbitrio
399 1711 711 1774 permittatur?
778 1713 922 1758 Immo
948 1727 1077 1768 vero,
1123 1720 1172 1757 vt
1199 1711 1386 1774 opinor,
1431 1709 1586 1766 multo*

178 1779 331 1838 magis,
348 1809 350 1811 -
410 1778 509 1836 Ego
529 1776 710 1840 quidem
727 1776 803 1824 effi
823 1777 948 1843 saepe
968 1774 1038 1824 risi
1055 1780 1101 1824 in
1121 1774 1388 1826 Officiorum
1416 1777 1587 1824 aulico-

179 1858 283 1892 rum
315 1839 523 1899 formulis
545 1843 888 1906 cognoscendis,
930 1862 1040 1910 quae
1069 1844 1187 1910 apud
1214 1856 1398 1906 gentem
1427 1860 1586 1909 quarn-5

180 1929 276 1977 que
292 1912 361 1958 vel
381 1928 507 1959 more
525 1911 595 1958 vel
626 1912 726 1973 lege
742 1913 941 1973 valuere3
984 1923 1135 1960 tamen
1155 1914 1305 1960 multo
1325 1913 1492 1976 saepius
1509 1908 1585 1959 rifi

180 1982 228 2027 in
248 1979 442 2040 legendis
462 1978 639 2034 ritibuS‚
682 1997 797 2043 quos
817 1982 1021 2041 gentium
1052 1979 1334 2044 profanarum
1357 1978 1581 2026 dementia

181 2049 230 2095 in
260 2044 451 2094 deastris·
470 2046 553 2093 suis
584 2047 801 2103 colendis,
854 2047 1069 2113 sacrisque
1105 2046 1315 2096 faciendis
1344 2046 1582 2111 vsurp'auit.

179 2118 303 2162 Inter
320 2114 438 2179 ipsos
449 2111 715 2162 Christianos
730 2132 864 2180 quam
883 2116 1022 2163 multa
1038 2114 1219 2162 ridicule
1239 2126 1286 2163 et
1301 2117 1452 2179 inepte
1466 2114 1584 2163 olim.

181 2193 443 2231 commenta
461 2180 512 2228 fit
532 2181 797 2246 superstitio,
835 2200 970 2230 nemo
1000 2186 1190 2245 ignorat.
1287 2184 1413 2231 Huic
1440 2183 1586 2240 igitur.

180 2250 300 2297 malo
313 2286 325 2306 ‚
354 2253 401 2297 in
425 2250 508 2296 hac
527 2250 762 2297 hominum
781 2262 933 2298 natura
951 2268 1097 2316 prope
1115 2248 1347 2298 necessario
1366 2259 1414 2296 et
1438 2249 1579 2295 ineui-

178 2316 321 2372 tabili,
349 2318 526 2365 occurri
545 2318 664 2364 nulla
688 2319 767 2365 alia
786 2335 854 2372 re,
892 2318 967 2365 nisi
987 2317 1135 2365 diuina
1151 2318 1253 2379 lege
1272 2313 1434 2382 potest,
1463 2333 1582 2380 quae.

180 2383 348 2441 doceat,
381 2383 538 2448 quibus
557 2384 689 2432 rebus
712 2387 919 2451 occupari
938 2386 1079 2450 pietas
1099 2385 1266 2440 debeat,
1283 2395 1576 2448 coerceatque

178 2451 358 2498 insitum
383 2452 492 2499 illud
512 2452 769 2500 hominibus
802 2456 954 2517 inepta
974 2464 1020 2500 et
1039 2452 1222 2500 ridicula·
1235 2454 1281 2500 in
1301 2450 1391 2498 hoc
1409 2466 1574 2511 genere

178 2518 543 2566 comminiscendi
562 2518 776 2577 studium,
812 2538 903 2584 quo
925 2521 1096 2567 nullum
1118 2520 1274 2568 clarius
1295 2517 1467 2580 signum
1481 2534 1575 2565 cor·

174 2586 377 2648 ruptelae
396 2588 602 2634 naturalis
624 2587 725 2634 scio.
769 2588 903 2643 Quod
922 2587 952 2634 fi
972 2588 1155 2635 humani
1175 2587 1446 2648 legislatores
1467 2585 1574 2632 ciui-

176 2661 412 2716 tatumque
432 2653 687 2702 conditores
709 2655 799 2702 hoc
816 2654 869 2703 ad
893 2672 1043 2703 curam
1064 2655 1183 2702 suam
1208 2653 1492 2765 retuleruntfi
1524 2662 1573 2699 vt

1496 2735 1573 2766 eo·
