1682 3068
170 149 271 195 404
423 147 485 177 nr.
525 147 819 179 comvucr.
853 117 1054 182 manvu)
1083 138 1338 181 conteni
1665 0 1682 281 1

266 257 421 319 Itaque
459 256 506 301 in
536 265 721 320 promtu
751 251 834 313 est,
867 255 992 307 aliam
1022 254 1108 304 esse
1146 254 1567 320 interpretationem
1674 277 1682 306 i,

169 322 478 389 quaerendam,
510 339 748 386 quaecum
778 320 956 371 consilio
974 324 1128 380 Paulli,
1155 335 1202 372 et
1221 334 1566 387 totavtriusque
1670 318 1672 321 ’

165 389 378 456 epistolae
399 391 520 445 serie,
554 389 1007 455 distisqueo'mnibus,
1037 394 1177 451 magis
1205 391 1461 447 consentiat,
1482 407 1567 437 nec

162 470 311 507 tamen
338 470 511 522 pugnet
530 476 632 506 cum
652 458 959 523 vsuloquendi
981 462 1312 523 Scripturarum
1335 459 1566 513 sacrarum.

165 532 314 584 Quam
335 528 443 574 olim
466 543 547 574 nos
569 537 842 590 quaerentes,
876 543 979 574 cum
999 529 1246 592 Scripturas
1277 523 1567 588 coepissemus

166 593 354 643 trastare
373 593 515 642 studio
534 591 696 648 nostro,
727 593 817 645 hoc
835 592 909 649 est,
946 593 1102 642 assidua
1122 606 1168 642 et
1186 592 1340 641 crebra
1360 591 1568 650 leffium,

167 673 214 711 et
242 660 519 710 obseruandis
557 662 952 726 comparandisque
990 663 1098 710 locis
1127 660 1360 719 similibus,
1399 664 1445 713 in
1475 677 1567 726 quo
1626 680 1630 683 ·

168 732 342 778 clauem
374 729 458 778 else
477 731 811 793 Scripturarum,
846 741 894 776 vt
915 728 986 783 est,
1019 733 1077 776 ita
1103 730 1314 780 traditum
1345 728 1473 782 nobis
1501 740 1569 775 te-

166 797 398 855 nebamus,
432 798 631 861 suspicati
649 797 799 844 sumus
824 796 921 844 fore
937 797 1083 854 talem,
1118 796 1148 845 fi
1169 814 1231 855 ea,
1266 799 1446 861 quaein
1465 807 1571 850 coo&

163 868 219 914 lis
248 865 394 922 essent,
424 866 772 924 intelligeremus
800 864 1020 921 Isra‘e'litaS,
1053 882 1168 928 quae
1197 869 1241 911 in
1264 866 1404 917 terris,
1442 865 1572 913 Gens

163 946 245 982 tes.
314 933 399 981 Sed
419 936 466 981 in
487 951 538 980 ea
559 932 797 997 suspicione
818 932 870 979 ab
888 931 1023 979 rebus
1043 929 1185 986 (iusta,
1219 931 1432 980 aduersari
1446 931 1569 985 vide-

163 1002 325 1051 bantur
355 1000 499 1056 verba,
533 1018 642 1063 quae
677 1000 747 1046 vel
775 996 834 1045 fic
864 997 978 1045 dista
1007 997 1199 1053 esse,'v,el
1226 1001 1272 1045 in
1294 1000 1371 1046 tali
1398 1015 1566 1060 genere,

167 1072 381 1119 orationis
401 1068 458 1115 {ic
476 1067 561 1114 dici
584 1065 715 1130 posse,
750 1083 847 1113 non
867 1067 936 1112 vel
954 1065 1228 1113 audieramus
1255 1066 1327 1112 vel
1343 1082 1566 1130 reperera-

164 1150 279 1186 mus.'
313 1134 413 1184 Post
431 1135 547 1182 idem
569 1134 740 1181 dudum
757 1136 912 1181 Lockio
932 1134 1072 1180 visum
1092 1135 1406 1194 cognouimus‚
1427 1150 1575 1198 quemi

168 1205 324 1255 eadem
355 1207 420 1251 via
448 1203 502 1250 ad
530 1205 792 1267 opinionem
820 1219 918 1249 eam
939 1200 1136 1255 delatum
1157 1199 1296 1258 fuiffo,
1324 1214 1372 1248 vt
1390 1199 1443 1251 ad
1463 1201 1575 1256 alie&

167 1293 219 1321 ex
241 1271 401 1321 eodem
423 1288 600 1332 genere,
633 1271 818 1333 planum
847 1280 949 1327 erat,
983 1284 1251 1334 quamquam
1280 1267 1478 1315 adiutum
1497 1278 1583 1334 ets&

166 1345 267 1398 iam,
297 1351 344 1388 vt
364 1341 427 1386 ait
445 1339 548 1403 ipse,
582 1348 628 1384 et
645 1338 764 1385 forte
785 1341 933 1401 primo
955 1339 1180 1389 monitum,
1194 1338 1571 1401 inter-pretatione

163 1412 281 1459 verbi
299 1403 813 1470 ἀνακεφαλαιώσασθαι
832 1408 876 1453 in
897 1403 1111 1453 Versione
1130 1405 1389 1460 Britannica,
1421 1404 1566 1456 sumta

165 1496 189 1525 a
210 1478 384 1525 Caluino
405 1475 568 1523 scilicet
586 1476 787 1531 etBeza,
807 1475 887 1538 qui,
902 1475 1140 1540 recolligere
1157 1472 1434 1536 interpretati
1451 1471 1574 1522 sunt.>

164 1549 224 1593 Et
254 1543 404 1610 postea
439 1544 544 1590 alios
573 1558 757 1605 quoque
786 1541 1070 1589 meminimus
1112 1557 1196 1588 nos
1233 1542 1448 1606 reperire,
1491 1537 1565 1585 sed

166 1629 324 1666 omnes
342 1615 494 1666 Lockz'o
522 1608 798 1674 posteriores,
830 1619 878 1657 vt
894 1610 1226 1674 Schoettgenium·
1248 1610 1293 1656 in
1314 1609 1448 1654 Horis
1468 1605 1569 1659 Tal-

165 1686 272 1730 mud.
298 1681 372 1744 qui
399 1695 495 1725 eam
523 1679 938 1742 interpretationem
964 1676 1220 1740 probarent,
1252 1672 1344 1721 fiue
1371 1673 1574 1722 sumtum*

165 1749 219 1796 ab
247 1748 336 1802 illo,
364 1744 453 1793 siue
480 1745 634 1791 eadem
667 1748 748 1800 via,
783 1754 831 1790 vt
859 1742 929 1798 fit,
960 1753 1197 1807 repertam,
1227 1741 1298 1789 sed
1331 1742 1413 1798 ita,
1445 1751 1493 1787 vt
1521 1740 1576 1794 οἱ

165 1812 408 1863 firmandae
439 1823 484 1859 et
515 1810 788 1860 illustrandae
815 1808 967 1857 iustam
992 1809 1183 1874 operam
1210 1825 1304 1856 non
1330 1807 1579 1871 impende-.-

164 1884 268 1931 rint.
302 1885 422 1928 Nam
444 1878 577 1927 habet
593 1878 798 1945 profesto
817 1878 889 1925 illa
906 1880 1214 1942 interpretatio
1233 1874 1394 1939 aliquid
1418 1873 1578 1929 offen--

164 1950 312 2003 sionis,
331 1949 380 1996 vt
400 1946 599 2005 diximuS,
620 1965 670 1994 ex
691 1944 973 1994 adsuetudine
990 1963 1069 1998 res·
1081 1944 1263 2009 coelestes
1275 1954 1326 1990 'et
1343 1942 1581 2006 terrestres*

164 2016 450 2076 intelligendi
477 2016 534 2062 de
559 2015 726 2075 angelis
755 2026 802 2061 et
819 2013 1092 2070 hominibus,
1113 2022 1163 2060 et
1181 2014 1226 2058 in
1245 2015 1354 2059 coelo
1373 2019 1420 2057 et
1441 2019 1581 2075 terra}

163 2083 388 2146 cogitandi
411 2083 518 2138 loca,
548 2099 660 2147 quae
679 2082 819 2130 verbis
840 2083 888 2128 iis
908 2081 1093 2145 proprie
1111 2081 1442 2143 exprimuntur:
1477 2092 1581 2124 nee-.-

161 2151 327 2202 sufficit
346 2152 491 2198 dicere
510 2158 633 2207 (cum
652 2153 801 2201 Lockio
819 2160 866 2196 et
874 2149 1177 2213 Schoettgenio)
1197 2149 1329 2195 etiam
1347 2144 1446 2193 alibi
1458 2161 1561 2192 coe-

163 2223 262 2270 lum
280 2220 336 2266 de
360 2216 553 2266 Ecclesia
572 2217 669 2272 dici,
702 2230 748 2264 vt
765 2217 879 2264 bene
900 2218 1077 2266 monuit
1095 2217 1332 2268 Brackerus
1353 2212 1411 2260 ad
1430 2213 1468 2270 Ιι.4
1489 2212 1517 2258 1.

262 2293 315 2336 In
348 2304 441 2351 quo
470 2298 617 2346 tamen
650 2284 843 2333 cauenda
872 2282 934 2330 est
958 2286 1176 2347 iniquitas,
1193 2292 1280 2329 'aut
1302 2276 1560 2328 sortassein-

162 2355 342 2413 terdum
363 2356 498 2401 etiam
522 2354 687 2401 inscitia
714 2353 1050 2406 nonnullorum,
1084 2352 1159 2415 qui
1178 2353 1237 2398 ita
1253 2348 1415 2402 dicant,
1447 2357 1493 2394 vt
1513 2348 1559 2392 in

160 2425 251 2470 aliis
273 2420 714 2486 interpretationibus
736 2437 829 2467 non
848 2420 973 2466 malis
999 2419 1299 2466 recentiorum
1317 2413 1402 2461 vidi
1425 2416 1558 2460 inter-

160 2490 266 2538 dum
296 2488 460 2537 ditium
489 2487 585 2544 effe,
611 2506 702 2535 non
724 2487 809 2536 esse
838 2487 1124 2551 consequens,
1157 2494 1218 2540 vt,
1253 2484 1352 2546 quia
1371 2481 1559 2528 verbum

158 2561 363 2609 coelorum
383 2574 471 2603 vno
491 2567 567 2604 aut
587 2558 727 2604 altero
747 2559 849 2603 loco
873 2555 930 2600 de
948 2551 1137 2601 Ecclesia
1157 2550 1339 2604 dicatur,
1355 2559 1559 2612 propter-

161 2643 210 2674 ea
235 2626 368 2673 etiam
389 2625 480 2672 hoc
509 2627 555 2671 in
583 2624 687 2672 loco
709 2626 770 2672 ita
790 2623 974 2683 intelligi
995 2621 1165 2674 debeat.
1210 2620 1329 2665 Nam
1348 2614 1556 2681 profesto

1459 2699 1553 2730 non
