1682 3068
237 174 332 209 110
819 175 1054 208 3811

234 285 388 338 talem,
411 281 584 346 qualem
606 281 719 343 ignis
738 284 1022 347 purgatorius
1042 281 1205 331 habet?
1239 283 1416 334 Deinde
1432 288 1506 335 iile
1527 290 1636 335 locus

234 353 455 417 refrigerii
484 350 508 396 s.
540 350 827 413 refrigerium,
875 354 1140 412 contingere
1169 351 1409 416 putabatur
1435 352 1579 402 statim
1613 372 1639 402 a

234 431 407 474 morte,
439 416 537 481 post
557 418 760 480 decursim
780 421 904 466 vitae.
982 420 1113 466 Vnde
1132 418 1184 466 fit
1199 455 1212 476 ‚
1257 431 1306 467 vt
1336 422 1468 470 etiam
1487 425 1531 470 in
1553 423 1638 470 hac

233 486 449 535 sententia
469 485 706 532 verborum
721 521 732 542 ,
765 502 920 549 preces
944 504 1028 552 pro
1050 489 1237 534 mortuis
1258 489 1406 535 nullae
1426 490 1532 536 aliae
1552 488 1638 536 effe

234 555 400 621 poffint
418 571 470 599 ex
489 551 665 600 istorum
686 564 857 608 mente,
901 571 1034 618 quam
1054 572 1161 617 quas
1194 553 1495 621 descripsimus
1523 568 1641 615 ante,

234 624 356 671 bona
377 622 525 670 omina
552 622 703 684 potius
738 621 808 667 vel
840 623 1267 683 congratulationes,
1311 640 1442 688 quam
1469 641 1639 689 preces,

234 707 343 756 quas
381 689 564 754 proprie
594 687 792 734 dicimus-
887 694 1009 737 Nam
1038 692 1084 736 in
1115 690 1269 738 locum
1298 707 1405 738 eum
1435 690 1639 738 fidelibus

234 758 405 806 aditum
430 773 509 823 per
538 771 694 820 preces
723 757 887 819 pararI,
924 773 1061 804 nemo
1093 774 1149 804 ne
1169 758 1406 806 somniauit
1440 757 1639 824 quidem.

234 832 386 891 Atque
405 824 481 871 has
504 840 660 887 preces
679 824 886 869 inuentas
906 823 991 870 effe
1012 825 1179 872 nullam
1207 826 1337 873 aliam
1358 825 1416 873 ob
1445 824 1640 881 caussam,

233 909 380 959 quam,
403 902 451 940 vt
471 892 647 938 honore
665 890 1040 954 prosequerentur
1059 894 1319 952 memoriam
1339 904 1641 951 mortuorum,

233 977 406 1024 eosque„
420 959 490 1006 vel
513 958 629 1022 ipsos
652 957 728 1005 fibi
748 974 874 1004 caros
903 957 1050 1016 fuisse,
1086 960 1156 1007 vel
1173 961 1359 1008 virtutes
1384 978 1542 1008 eorum
1562 960 1641 1009 fibi

232 1013 462 1084 amabiies,
492 1037 539 1073 et
558 1027 804 1073 imitatione
825 1025 976 1087 dignas
996 1025 1151 1083 videri,
1183 1025 1464 1086 testarentur,
1493 1030 1639 1076 velex

233 1115 291 1144 eo
313 1106 453 1160 patet,
475 1094 595 1157 quod
617 1111 699 1158 pro
718 1092 887 1147 verbis,
907 1104 956 1142 vt
973 1099 1134 1142 animae
1139 1095 1302 1158 famuli
1314 1100 1377 1144 tui
1386 1097 1528 1163 prqfit
1543 1097 1639 1146 haec

233 1167 412 1222 oblatio,
436 1160 537 1208 alibi
562 1160 640 1216 est,
671 1171 719 1209 vt
738 1162 818 1208 illis
845 1161 919 1222 (sc.
941 1159 1115 1223 sanffls)
1139 1161 1335 1224 proficiat
1351 1168 1409 1211 ad
1417 1162 1638 1212 honorem.

232 1237 386 1296 Itaque
403 1231 662 1296 Augustinus
681 1228 797 1276 bene
817 1247 895 1276 non
907 1231 1160 1296 praesidium
1166 1229 1336 1290 stilum,
1359 1231 1443 1295 fid
1456 1233 1638 1279 humani-

232 1306 338 1350 tatis
357 1300 524 1363 officium
543 1299 589 1344 in
612 1295 696 1343 istis
718 1295 919 1361 precibus
938 1299 1095 1361 ponit:
1126 1313 1394 1362 quamquam
1414 1298 1488 1345 ille
1506 1301 1638 1345 inter-

231 1369 339 1417 dum
370 1367 430 1413 sui
459 1365 650 1420 oblituS,
694 1364 857 1410 scilicet
881 1365 928 1410 in
958 1381 1008 1410 re
1036 1366 1288 1424 nugatoria,
1333 1374 1382 1411 vt
1406 1362 1638 1413 reffiffime

230 1436 440 1498 Erasmus
457 1443 612 1489 vocat,
643 1442 689 1477 et
701 1431 882 1478 humani
902 1432 1100 1488 inuenti,
1133 1429 1282 1479 durius
1302 1432 1516 1496 loquitur.
1553 1434 1640 1480 Sed

231 1521 283 1551 ea
304 1505 403 1550 ioca
423 1519 475 1547 ex
497 1501 564 1547 his
584 1498 727 1546 verbis
741 1534 752 1554 ,
772 1501 956 1562 aliisque
977 1500 1227 1547 Tertulliani
1246 1509 1292 1546 et
1306 1491 1507 1564 Cypriani
1526 1500 1638 1548 iudi-

231 1570 393 1627 canda,
431 1572 477 1616 in
506 1567 667 1632 quibus
696 1583 768 1612 eas
802 1582 960 1631 preces
990 1576 1037 1612 et
1068 1565 1319 1613 oblationes
1346 1565 1637 1634 εὐχαςις-ικοὲς

228 1639 421 1692 faciunt,
457 1652 551 1683 non
574 1630 800 1687 ἕλοις-ικοίς.
869 1637 991 1679 Nam
1013 1631 1135 1697 quod
1156 1632 1387 1680 discrimen
1409 1635 1512 1682 facit
1530 1637 1634 1684 Mu-

229 1709 421 1755 ratorius
437 1719 620 1770 precum
650 1719 736 1766 pro
758 1701 920 1749 Sanbi'is
949 1700 991 1747 h.
1013 1717 1051 1745 e.
1068 1702 1115 1745 in
1135 1701 1313 1748 coelum
1333 1705 1547 1767 receptis,
1587 1711 1635 1749 et

217 1775 436 1838 fidelibus,
470 1787 585 1835 quos
608 1767 788 1816 Sanstos
811 1785 904 1815 non
925 1777 1070 1832 putat,
1103 1765 1291 1825 scilicet,
1321 1780 1368 1816 et
1388 1771 1634 1835 purgatorii

156 1866 160 1873 «
229 1844 346 1903 ignis
365 1837 623 1887 cruciatibus
644 1835 827 1891 addicit,
859 1846 906 1882 vt
924 1835 1007 1882 illis
1030 1833 1198 1899 prosint
1219 1835 1270 1883 ad
1295 1837 1532 1894 honorem,
1562 1838 1633 1883 his

231 1909 285 1958 ad
305 1909 508 1962 salutem,
538 1907 582 1952 id
602 1903 678 1952 etsi
698 1905 1044 1951 consentaneum
1062 1901 1123 1948 est
1142 1903 1376 1950 discrimini
1401 1903 1636 1970 Augustini,

230 1987 278 2024 et
290 1977 480 2023 alio-rum
492 1971 767 2038 quorundam
778 1969 1031 2018 Dostorum
1044 1972 1202 2017 veteris
1215 1969 1429 2019 Ecclesiae
1438 1972 1632 2027 somniis,

228 2047 307 2108 qui
326 2048 549 2107 Martyres
569 2058 662 2087 non
681 2042 728 2086 in
748 2040 899 2086 locum
919 2038 1150 2098 refrigerii,
1170 2037 1260 2085 {iue
1281 2039 1540 2094 Paradisum,
1558 2037 1632 2085 sed

229 2111 379 2160 statim
395 2114 442 2158 in
463 2109 638 2157 coelum
669 2106 899 2154 ascendere
918 2106 1160 2171 putabant,
1204 2109 1435 2171 praecipui
1463 2106 1632 2153 scilicet

228 2181 416 2228 honoris
437 2195 488 2225 ac
512 2177 693 2242 praemii
711 2174 894 2238 aliquid,
937 2174 1061 2220 velut
1085 2175 1403 2235 Agonothetae
1421 2174 1630 2223 diuinitus

229 2245 479 2302 constituti,
511 2243 785 2308 Martyribus
805 2241 1040 2288 tributuri:
1071 2251 1220 2287 tamen
1241 2239 1532 2288 stultissimum
1553 2238 1630 2297 est,

228 2318 399 2380 quippe
427 2313 605 2378 prorsus
633 2330 656 2357 a
685 2310 906 2356 sacrorum
933 2307 1144 2356 librorum
1167 2309 1387 2373 disciplina
1406 2307 1628 2362 abhorret,

229 2390 276 2430 'et
298 2394 450 2429 tamen
479 2381 589 2428 nihil
616 2375 793 2444 prodest
815 2379 1096 2437 Purgatorio,
1139 2375 1169 2422 fi
1197 2387 1394 2423 mentem
1423 2385 1626 2423 veterum

227 2451 478 2514 sequimur,
509 2451 583 2513 qui
603 2449 768 2492 animas
788 2443 1005 2497 fidelium,
1057 2461 1150 2490 non
1173 2446 1218 2490 in
1238 2440 1413 2491 coelesti
1443 2442 1627 2505 quidem

226 2518 297 2564 illa
329 2527 374 2562 et
403 2518 567 2563 summa
587 2514 820 2566 felicitate,
866 2510 938 2557 sed
972 2511 1178 2558 felicitate
1207 2522 1356 2559 tamen
1387 2509 1624 2557 collocant.

226 2588 376 2649 Atque
403 2584 514 2631 haec
543 2583 598 2629 de
619 2580 826 2648 precibus
845 2597 930 2646 pro
959 2580 1160 2646 mortuis.

1468 2713 1625 2761 Preces
