1682 3068
12 207 42 265 ᾖ

427 132 1142 185 ’ΜνκΑτοιῐνε
1459 147 1524 198 37

112 260 199 310 Sed
222 271 268 308 vt
287 259 340 307 ad
359 229 461 308 rem¹
477 257 734 315 redeamuS‚
773 261 965 307 remittit
984 276 1071 308 nos
1100 256 1155 306 ad
1183 266 1433 307 extremum
1463 257 1521 306 ad

109 331 423 383 Renaldotimn,
461 343 594 390 quem
617 326 810 382 dudum,
851 329 932 380 ait,
969 325 1221 385 ostendisse,
1248 343 1377 391 quam
1401 325 1520 374 futili

109 414 161 443 ac
181 398 375 443 violenta
392 396 764 457 interpretatione
777 395 840 442 CI.
851 396 1077 459 Salmasius
1093 394 1274 442 eludere
1293 410 1346 441 ac
1361 393 1516 460 depra-

55 469 57 471 ’
106 481 207 511 vare
228 474 413 511 conatus
430 462 565 508 fuerit
590 464 638 508 in
661 462 728 508 his
748 459 898 508 verbis
923 474 1125 509 mentem
1155 462 1430 526 perspicuam
1465 478 1518 510 ac

104 531 240 579 fidem
273 532 579 594 Aegyptiacae
607 527 834 576 Ecclesiae.
931 530 1059 576 Talia
1089 530 1254 577 scilicet
1285 528 1515 591 designant

107 599 399 647 Grammatici
421 610 467 643 et
488 598 661 654 Crstici,
692 607 795 644 toto
817 595 971 652 co'elo,
1012 608 1061 644 vt
1078 598 1227 654 aiunt,
1261 616 1286 645 a
1305 599 1511 646 Theolo-

100 667 169 728 εἰς
193 663 377 718 diuersi,
421 682 524 713 cum
552 664 638 711 suis
667 667 849 712 minutis
875 666 1326 730 interpretationibus
1353 665 1509 713 verbo-

97 749 212 782 rum-
311 737 374 780 At
393 734 663 780 Renaldotius
694 735 784 793 (T.
804 737 835 781 1.
856 735 1031 787 Liturg.
1052 737 1131 780 Or.
1160 750 1203 797 p.
1228 737 1368 794 306.)
1395 735 1508 782 nihil

55 808 58 810 ’
89 798 210 855 eliud
229 799 352 856 fecit,
371 798 452 847 nisi
464 813 512 847 vt
528 797 602 846 ista
613 799 747 847 verba
766 801 882 847 male
900 800 954 848 ab
965 803 1164 867 Salmasto
1183 800 1335 864 (Epist.
1347 819 1391 865 p.
1404 806 1503 866 72.)

90 867 210 916 versa
234 884 286 923 ex
307 866 502 923 Arabico
525 866 610 914 effe
629 866 903 916 ostenderet:
937 868 1098 916 deinde
1114 870 1210 915 eius
1232 871 1501 932 interpreta-

88 937 237 982 tiones
268 932 600 998 μεταβάλλειν,
647 935 901 1000 μεταποιεῖν
914 973 926 993 ,
964 935 1295 998 μετοιςοιχεῖέν,
1332 937 1497 1003 μεταξ-

85 997 334 1069 ῥυθμίζεῖν,
362 1006 521 1053 alienas
536 1003 622 1051 effe
641 1023 664 1052 a
684 1016 839 1052 mente
849 1009 1028 1053 Patrum
1048 1005 1263 1061 ediceret,
1294 1003 1369 1052 sed
1387 1009 1434 1052 id
1439 1007 1496 1068 fi

85 1089 167 1119 non
185 1089 318 1137 agere
348 1071 665 1135 profiteretur,
701 1083 750 1119 vt
769 1084 973 1120 accurate
993 1091 1064 1121 eas
1084 1073 1322 1120 refelleret.
1386 1077 1493 1120 Nec

83 1137 131 1184 id
148 1139 311 1200 agebat
329 1142 615 1189 Muratorius.
683 1143 787 1188 Nos
807 1153 958 1189 autern
978 1140 1269 1189 desideramus
1293 1143 1409 1196 hoc,
1441 1152 1494 1190 vt

81 1203 335 1255 ostendatur
353 1208 572 1271 legitime,
610 1207 744 1255 verba
773 1206 867 1264 ista,
896 1210 1135 1273 stmffificet
1165 1227 1213 1256 ac
1243 1210 1488 1272 transfirat

78 1274 189 1322 llaec.
204 1280 313 1323 dona
343 1279 386 1323 in
416 1294 567 1338 corpus
592 1286 634 1323 et
654 1277 902 1340 fiznguinem
912 1278 1066 1340 sitlutis
1091 1278 1279 1341 nostrae,
1322 1276 1489 1324 habere

78 1342 196 1388 hanc
213 1345 323 1398 vim,
363 1353 415 1390 vt
434 1342 784 1407 μεταμόςφωο-ιν
803 1345 1010 1409 aliquam,
1054 1347 1204 1410 quales
1225 1346 1270 1391 in
1290 1343 1487 1410 physicis

78 1412 319 1466 eueniunt,
354 1421 431 1457 aut
448 1414 495 1457 in
515 1411 743 1465 Ouidiano
767 1414 923 1475 Opere
942 1411 1183 1477 descriptae
1202 1411 1326 1471 sunt,
1368 1430 1485 1477 quae

73 1474 357 1524 substantiam
368 1478 545 1526 alteram
565 1479 759 1543 perimat
777 1490 912 1542 atque
928 1480 1131 1544 proferat
1148 1496 1329 1536 nouam,
1347 1477 1482 1541 figni-

70 1541 207 1591 ficare
229 1543 442 1592 debeant:
483 1562 588 1595 nam
609 1562 758 1592 veram
781 1549 987 1610 corporis
1014 1559 1062 1595 et
1077 1550 1300 1610 sanguinis
1319 1545 1483 1598 christi

71 1611 362 1671 praesentiam
372 1614 572 1674 Liturgia
593 1613 676 1660 hac
694 1623 739 1660 et
756 1614 846 1660 aliis
857 1615 1160 1665 Orientalibus
1182 1615 1347 1663 firmari
1367 1618 1480 1663 acci-

67 1680 242 1742 pimuS,
276 1678 408 1727 dante
423 1682 686 1734 Remildotio,
716 1681 762 1728 in
782 1680 886 1729 Diff.
904 1682 959 1729 de
969 1686 1142 1745 Liturg.
1163 1685 1479 1745 Orient.0rig.

27 1733 32 1739 .
66 1757 115 1792 et
133 1743 317 1793 AuEior.
337 1764 383 1811 p.
404 1752 537 1797 LVII.
558 1759 606 1796 et
622 1750 795 1814 accepit
815 1749 984 1798 dudum
1011 1754 1143 1800 Ianus
1171 1749 1193 1802 ὁ
1218 1751 1475 1819 μοικαςίτης

65 1815 114 1860 in
135 1812 238 1861 Diff.
259 1814 316 1860 de
335 1817 548 1877 Liturgiis
567 1818 863 1865 Orientalium
884 1820 932 1865 in
951 1819 1055 1866 loco
1076 1819 1132 1866 de
1152 1817 1470 1868 S.Eucharistia

65 1883 358 1942 Euangelicae
384 1886 555 1932 veritati
584 1883 947 1946 suffragantibus,
997 1887 1178 1952 Propos.
1216 1895 1266 1935 V.
1301 1906 1349 1954 p.
1389 1904 1467 1947 3²·

62 1947 150 1998 sed
168 1949 214 1997 id
233 1948 332 1997 fieri
361 1968 459 2000 non
478 1949 621 2016 posse,
659 1953 793 2017 plane
824 1952 1113 2002 demonstrari
1141 1953 1302 2021 potest.
1396 1962 1468 2003 Ac

59 2019 258 2080 primum
278 2017 369 2066 hoc
387 2021 497 2083 mihi
518 2020 652 2068 debet
669 2020 875 2078 concedi,
914 2021 1026 2069 illud
1043 2026 1303 2088 transferre,
1340 2022 1466 2088 quod

61 2094 109 2130 et
132 2085 180 2130 in
198 2085 329 2131 latina
344 2089 567 2149 Liturgiae
590 2089 742 2153 Cyrilli
761 2091 978 2153 Copticae
996 2090 1196 2137 versione
1221 2109 1290 2156 ap.
1311 2093 1465 2138 Renal-

23 2172 37 2182 ³
57 2155 214 2199 dotium
234 2155 316 2214 (T.
335 2157 365 2200 Ι.
382 2170 426 2218 p.
445 2165 525 2215 48.
544 2161 671 2216 extr.)
702 2159 905 2214 occurrit,
942 2156 1027 2205 effe
1046 2155 1266 2206 duRuma
1279 2160 1461 2206 Graeco

54 2219 330 2282 μεταποιεῖν,
363 2221 487 2285 quod
506 2221 569 2269 est
586 2224 632 2271 in
654 2224 860 2289 Gregorii
876 2227 1071 2286 Liturgia
1093 2243 1245 2288 graeca
1278 2226 1400 2285 (ibid.
1411 2243 1458 2291 p.

62 2302 167 2348 105.
189 2290 326 2346 extr.)
356 2291 543 2352 eiusque
562 2289 670 2339 adeo
695 2290 781 2338 esse
804 2295 1235 2357 interpretationem.
1331 2298 1458 2342 Nam

52 2353 237 2402 Arabica
254 2353 394 2404 versio
414 2374 441 2403 e
460 2359 637 2406 Graeco
655 2357 850 2423 expressa
871 2359 955 2416 est,
985 2372 1033 2407 et
1054 2379 1167 2426 quae
1187 2361 1245 2409 ibi
1269 2360 1330 2409 est
1349 2367 1458 2410 Ara-

51 2419 149 2469 bica
174 2439 262 2489 vox
296 2426 443 2499 (kq-12)
471 2425 582 2472 nihil
616 2426 759 2484 aliud,
798 2444 930 2492 quam
970 2429 1158 2477 verbum
1187 2429 1455 2494 μεταποιεῖν,

49 2489 94 2534 h.
114 2507 152 2535 e.
171 2490 438 2552 μεταβολὴ,
472 2497 754 2551 mutationem,
782 2492 1006 2556 fignificat.
1071 2496 1181 2545 lnde
1199 2497 1268 2556 fit,
1300 2510 1347 2546 vt
1362 2498 1454 2546 hoc

48 2555 236 2604 verbum
267 2574 359 2605 non
382 2556 599 2607 efficacius
619 2558 695 2617 fit,
733 2566 867 2626 quam
895 2559 1225 2624 μεταβάλλειν,
1270 2576 1452 2622 mutare,

48 2634 298 2673 commutare
309 2660 322 2681 ‚
351 2625 440 2676 siue
454 2637 756 2685 transmutare,
782 2641 831 2676 vt
849 2632 1068 2680 Graecum
1088 2635 1222 2682 vertit
1239 2636 1449 2684 Renaldo-

780 2700 818 2748 C
856 2715 879 2757 3
1353 2705 1449 2758 tius,
