1682 3068
197 216 295 268 380
537 222 615 251 DE
653 222 916 253 orrxcxo
951 222 1225 254 cunis-rr

196 325 361 376 eefimo
381 329 662 374 Seruatorem
683 327 884 377 futurum
902 330 1154 394 Prophetae
1175 330 1358 377 nomine
1378 327 1591 392 infignem

195 396 302 444 fecit
330 395 384 442 ad
414 397 609 442 muneris
649 408 848 443 naturam
885 397 1219 459 intelligendam
1247 409 1293 444 et
1321 400 1591 459 magnitudi-

193 481 312 511 nem.
381 464 465 511 Sed
486 480 575 510 non
597 465 832 528 appellauit
849 468 1116 529 Prophetam
1138 463 1407 530 simpliciter,
1434 483 1591 513 verum

194 549 300 579 cum
321 529 628 579 adiunfflone:
661 530 714 578 ad
736 533 990 598 exemplum
1011 533 1133 580 suum
1154 534 1306 580 retulit
1334 545 1589 598 vtramque:

191 599 466 664 Prophetam
491 616 595 646 eum
614 598 686 646 sibi
705 597 887 648 ssmilem
916 601 1016 648 fore
1045 601 1164 648 dixit.
1234 605 1287 647 In
1310 618 1400 664 quo
1421 618 1513 648 non
1534 602 1590 648 sa·

191 669 250 715 tis
279 665 354 724 est,
384 684 540 729 vagam
572 668 892 729 magnitudinis
921 686 972 715 ac
1001 669 1220 728 dignitatis
1248 669 1590 729 intelligentiam
1648 683 1653 688 “

190 733 380 783 habere:
437 733 622 782 definire
649 746 834 798 oportet
860 738 1087 799 Vtriusque
1116 736 1318 784 modum.
1398 738 1590 790 Qualem

191 819 302 864 ergo
340 803 606 869 Prophetam
654 801 810 850 habuit
858 805 1019 851 Mosen
1066 806 1260 868 populus
1300 805 1590 851 Israeliticus‘?

188 875 389 936 Nempe,
417 874 490 935 qui
518 870 661 917 diuina
693 874 732 917 vi
760 871 933 919 adiutus
966 872 1186 935 populum
1219 883 1393 918 tantum
1422 889 1447 917 e
1476 874 1517 919 vi
1543 880 1590 918 et

187 937 408 1004 potestate
427 941 604 1002 tyranni
625 939 818 1002 improbi
847 951 894 985 et
923 941 1132 1004 potentis,
1166 956 1192 985 e
1211 939 1420 986 seruitute
1450 950 1494 985 et
1513 956 1588 1003 pe·

187 1007 330 1054 riculo
349 1007 505 1053 vltimo
526 1008 844 1054 internecionis
881 1004 1116 1061 exemisset,
1150 1009 1222 1070 qui
1253 1006 1414 1053 diuinis
1447 1007 1586 1053 collo-

186 1076 304 1139 quiis
328 1073 551 1121 institutus
573 1090 734 1120 nouam
756 1074 982 1134 religionis
1013 1075 1176 1119 veteris
1207 1073 1395 1120 formam
1426 1076 1587 1133 (οἰκονο-

188 1142 316 1204 μίαν)
337 1139 581 1196 induxilset,
604 1143 828 1205 populum
852 1140 1044 1198 denique
1064 1151 1237 1187 tantum
1258 1157 1337 1205 per
1353 1153 1425 1187 tot
1439 1159 1587 1196 ,annos

184 1213 232 1257 in
255 1211 435 1257 desertis
457 1210 566 1255 locis
588 1206 763 1266 aluisset,
798 1207 1088 1269 gubernasset,
1117 1220 1164 1255 et
1184 1207 1235 1253 ad
1254 1208 1395 1272 ipsum
1417 1210 1586 1257 aditum

183 1290 328 1325 terrae
350 1275 610 1324 beatiffimae
633 1275 879 1324 deduxisset.
948 1281 1000 1324 In
1022 1276 1090 1323 his
1120 1276 1330 1323 omnibus
1350 1293 1460 1338 ergo
1482 1280 1587 1323 Mo-

183 1346 250 1393 ses
272 1343 459 1392 similem
485 1343 563 1391 fibi
591 1346 857 1409 prophetam
889 1345 1081 1406 intelligi
1099 1346 1253 1400 voluit,
1286 1346 1407 1391 cuius
1426 1346 1516 1408 ipse
1537 1342 1584 1391 fi·

185 1430 343 1475 guram
364 1424 410 1460 et
429 1414 665 1473 imaginem
688 1411 884 1474 gesiiss‘et.
952 1416 1059 1459 Fuit
1079 1415 1196 1459 enim
1217 1410 1420 1476 profeao
1451 1415 1495 1459 in
1516 1412 1585 1460 his

185 1481 398 1529 omnibus
422 1482 572 1527 Moses
597 1491 733 1544 typus
757 1483 1017 1537 Seruatoris,
1054 1482 1130 1543 qui
1159 1480 1311 1526 eadem
1341 1483 1491 1527 omnia
1521 1480 1584 1527 fe·

184 1552 256 1605 cit,
289 1549 361 1597 sed
381 1549 464 1596 alio
485 1550 529 1594 in
551 1565 730 1608 genere,
765 1551 854 1594 hoc
872 1547 942 1601 est,
964 1548 1086 1612 quod
1105 1558 1254 1595 totum
1277 1546 1331 1593 ad
1351 1549 1584 1595 meliorem

182 1619 381 1666 hominis
402 1627 585 1681 partem,
619 1617 938 1680 melioremque
957 1616 1137 1662 salutem
1159 1617 1427 1679 pertineret3
1457 1617 1584 1679 quip-

182 1703 244 1750 pe
276 1703 327 1732 ex
357 1682 595 1739 inuifibilis,
628 1683 700 1729 sed
730 1684 844 1730 haud
866 1685 1012 1747 paullo
1034 1683 1235 1729 saeuioz-is
1254 1683 1434 1744 tyranni
1455 1692 1582 1747 pote·

182 1751 290 1801 state
326 1768 376 1799 ac
404 1753 638 1806 seruitute,
682 1767 707 1795 e
734 1752 929 1813 pernicie
957 1752 1096 1796 animi
1125 1764 1264 1813 eaque
1294 1760 1474 1796 aeterna
1500 1751 1582 1796 eri·

181 1823 296 1887 puit,
329 1831 543 1884 quantum
571 1819 615 1863 in
639 1817 732 1881 ipso
762 1817 863 1872 fuit,
898 1817 1134 1872 vniuersos,
1168 1833 1330 1862 nouam
1352 1817 1582 1877 religionis

182 1880 516 1941 oeconomiam,
536 1902 561 1931 e
581 1883 675 1931 smu
694 1887 832 1931 Patris
853 1882 1051 1931 coelestis
1072 1884 1361 1947 deportatam,
1382 1883 1581 1939 instituit,

182 1947 358 2004 animos
383 1954 519 2001 verbo
549 1952 700 1999 diuino
731 1954 808 1999 alit
834 1965 879 1997 et
909 1962 1072 2007 tuetur,
1106 1951 1295 2015 denique
1314 1950 1365 1998 ad
1385 1949 1589 2016 coelestis*

181 2024 439 2091 patrimonii
460 2019 751 2068 hereditatem
774 2018 963 2067 deducit.
1030 2023 1159 2066 Haec
1186 2018 1289 2065 sunt
1305 2018 1407 2065 luce
1427 2019 1584 2067 clario-

181 2110 246 2142 ra.
315 2093 571 2143 Enimuero,
605 2086 635 2133 fi
667 2089 776 2135 haec
804 2090 859 2134 ita
890 2088 1011 2142 sunt;
1043 2089 1140 2151 quis
1169 2083 1262 2132 non
1283 2087 1501 2148 intelligit,
1533 2091 1581 2134 in

181 2161 435 2225 Prophetae
469 2160 652 2204 nomine
686 2168 833 2203 totum
875 2171 991 2219 opus
1018 2153 1260 2202 Seruatoris
1299 2152 1450 2211 ineffe,
1483 2170 1579 2200 non

180 2240 362 2276 tantum
392 2223 584 2272 docendi
612 2217 902 2290 prouinciam,
935 2240 1069 2286 quam
1095 2224 1137 2268 ei
1165 2221 1302 2283 vulgo
1320 2221 1578 2278 attribuunt,

180 2296 317 2361 idque
346 2292 431 2341 effe
460 2295 584 2353 regio
614 2293 744 2355 plane
775 2309 865 2355 par,
901 2302 946 2336 et
972 2290 1092 2336 nulla
1119 2307 1168 2335 re
1197 2287 1275 2335 nifi
1307 2288 1414 2335 sono
1434 2286 1578 2335 diuer-

179 2364 309 2411 sum?
341 2367 490 2426 Itaque
513 2361 661 2407 Moses
690 2378 712 2405 a
743 2362 894 2406 multis
916 2358 1161 2422 appellatus
1181 2355 1243 2403 est
1263 2372 1368 2403 rex.-
1395 2353 1578 2402 ausso‘re

180 2433 292 2496 ipso,
322 2431 411 2495 qui,
442 2431 486 2477 se
503 2430 619 2489 regis
639 2445 825 2474 munere
842 2425 1044 2473 funstum
1075 2428 1119 2472 in
1140 2419 1316 2489 populo'
1332 2422 1423 2477 suo,
1453 2421 1580 2469 diser-

181 2498 356 2552 tedicit
375 2500 507 2546 Deut.
530 2498 713 2552 XXXIII,
732 2511 775 2558 5.
793 2498 839 2557 ὃ)
866 2493 950 2542 Sed
971 2493 1176 2540 homines
1199 2490 1364 2539 adsueti
1383 2492 1578 2604 ηοιτιῑὲἱς

1385 2574 1502 2624 prop
1538 2575 1580 2605 e·

234 2666 278 2721 ¹³)
305 2664 489 2715 Videant,
517 2666 584 2717 qui
611 2666 684 2706 alia
716 2665 898 2718 exempla
919 2662 1152 2709 defiderent‚
1183 2655 1347 2699 Wlkens
1374 2657 1423 2698 ad
1443 2662 1578 2714 Opera

291 2720 435 2760 Seloleni
450 2721 740 2773 praefationem
774 2736 812 2773 p.
837 2719 901 2762 VI.
923 2731 963 2761 et
988 2718 1178 2760 Veni-mam
1199 2716 1247 2759 V.
1268 2715 1316 2756 C.
1345 2715 1388 2755 in
1402 2713 1494 2757 Diffi
1514 2719 1577 2759 Sa·

292 2778 365 2818 eris
386 2792 424 2830 p.
441 2779 507 2830 46.
531 2778 592 2816 ed.
614 2775 685 2816 sec.
