1682 3068
209 163 307 214 274
366 146 381 152 κ
510 169 786 212 νιΝηιειᾼΕ
821 157 1077 203 anni-utu
1114 174 1299 205 mvnu

209 283 481 336 generatum
502 276 546 322 in
568 277 720 323 animo
733 310 745 331 ,
786 293 880 325 non
900 276 1128 339 restitisset.
1207 282 1368 328 Omnis
1385 282 1466 330 alia
1481 285 1611 342 ratio,

211 356 430 405 quantum
452 360 534 390 nos
554 343 749 391 iudicare
765 342 1017 408 possumus,
1058 357 1132 394 aut
1151 364 1307 411 pamm
1325 347 1511 406 subtilis,
1533 362 1611 399 aut

210 412 450 476 scripturis
473 428 567 458 non
587 411 687 459 satis
703 415 999 470 conuenienS,
1038 424 1084 461 et
1106 413 1272 463 diuersa
1301 416 1417 464 male
1446 421 1608 482 permi-

208 474 334 527 scens
352 482 607 546 reperietur.
1457 524 1465 529 .
1487 526 1489 529 .
1601 523 1605 530 ,

311 552 386 603 86.
426 550 532 594 Nec
551 558 700 594 tamen
715 547 866 595 >sumus
883 549 936 606 ii,
981 550 1059 612 qui
1075 549 1124 609 ‘in
1150 549 1234 598 hae
1253 548 1392 602 euulsa
1411 549 1609 602 excluda-

209 633 313 664 mus
330 617 517 662 alterum
535 613 639 662 fidei
664 613 873 671 frustum,
909 618 988 679 qui
1018 614 1081 662 est
1107 619 1154 664 in
1181 629 1336 683 pacata
1362 634 1445 682 per
1471 619 1609 683 ipsam

208 683 504 739 conscientia3
535 699 652 746 aqua
670 684 880 731 nonnulli
899 683 957 730 ita
975 681 1370 732 sanaificationem,
1380 697 1608 749 repetunt,

206 763 256 801 vt
273 768 355 817 per
375 763 473 798 eam
499 751 682 797 naturali
702 750 895 814 quodam
917 752 1096 798 vinculo
1121 769 1223 799 cum
1252 752 1339 799 fide
1365 754 1606 814 coniunga-

205 832 303 878 tur,
338 834 442 866 curn
462 817 632 873 dicant,
670 817 766 864 fieri
788 834 880 865 non
899 816 1042 882 poffe,
1084 830 1131 865 vt
1150 835 1256 866 eum
1276 838 1372 867 non
1392 836 1606 876 amemus,

205 899 344 952 atque
359 888 400 933 ei
417 885 527 933 adeo
549 883 818 940 obediamus,
847 902 871 931 a
891 902 983 950 quo
1002 895 1179 933 tantum
1199 886 1464 935 beneficium
1484 904 1605 935 acce·
1679 943 1682 949 Ι

185 956 425 1023 ¹‘perimuffi
466 963 513 1000 vt
537 951 712 1019 IVitfius
740 955 784 999 in
805 955 968 1000 Irenico
996 971 1027 1000 c.
1058 969 1127 1011 ις.
1155 954 1196 1015 §.
1223 970 1293 1012 15.
1366 957 1479 1001 Sane
1508 951 1613 1002 non'

198 1021 378 1073 videtur
397 1019 490 1068 fieri
508 1018 628 1083 posse
647 1037 726 1085 per
747 1031 951 1067 naturam
970 1022 1104 1066 animi
1123 1020 1333 1077 humani,·
1348 1032 1399 1068 vt
1413 1022 1492 1069 ille
1507 1023 1604 1070 sen·
1678 1041 1682 1046 ’

200 1091 271 1140 sus
301 1088 631 1153 tranquillitatis
657 1098 705 1134 et
730 1089 917 1135 omnino
947 1086 1151 1135 beneficii
1171 1090 1328 1144 diuini,
1372 1105 1455 1152 per
1473 1090 1602 1142 Chri«,

187 1156 313 1208 >stum
332 1158 423 1204 dati
443 1167 489 1202 et
509 1159 701 1218 accepti,
739 1172 835 1202 non
868 1156 1025 1202 alliciat
1050 1157 1247 1202 animum
1280 1156 1336 1202 ad
1362 1155 1600 1207 amandum

196 1231 370 1281 Deum,
409 1234 543 1288 atque
568 1221 677 1270 adeo
697 1223 886 1287 aliquem
909 1224 1070 1269 amoris
1098 1222 1271 1271 sensum
1300 1235 1598 1272 commoueat.

196 1294 284 1344 Sed
303 1306 453 1341 tamen
475 1307 570 1338 non
583 1306 666 1337 vna
695 1290 766 1336 hic
797 1287 1029 1337 difficultas
1060 1292 1274 1346 exoritur,
1320 1291 1350 1338 si
1374 1307 1470 1338 rem
1502 1290 1607 1343 duis

196 1364 375 1425 gentius
397 1357 749 1412 confideremus,
791 1367 979 1421 propter
1006 1373 1143 1419 quam
1161 1373 1247 1404 nec
1264 1357 1316 1405 ab
1347 1357 1437 1404 hoc
1468 1358 1597 1406 fonte

193 1448 296 1488 vno,
319 1427 608 1493 nec'proprie
626 1436 705 1472 aut
723 1427 922 1480 maxime,
943 1423 1171 1489 poss‘umus
1182 1426 1434 1487 facultatem
1445 1428 1595 1486 Deum

191 1516 297 1548 vere
327 1508 373 1543 et
401 1493 651 1543 constanter
682 1491 855 1540 arnandi
881 1503 928 1539 et
958 1489 1103 1539 sanEle
1130 1492 1333 1548 viuendi‚
1383 1492 1594 1542 desinare.

191 1571 315 1616 Nam
338 1566 506 1629 primo,
548 1560 578 1607 fi
596 1559 735 1608 fidem
758 1559 830 1608 ille
849 1559 990 1606 sensus
1010 1561 1186 1607 secutus
1204 1562 1308 1616 erit,
1335 1560 1593 1624 praesertim

189 1633 381 1684 vinidior
410 1642 456 1677 et
473 1626 784 1683 constantior,‘
804 1625 985 1693 habebit
1013 1627 1084 1672 ille
1112 1624 1316 1688 profesto
1334 1628 1424 1673 vim
1455 1630 1596 1691 peitiz

188 1708 375 1749 nentem
403 1698 456 1745 ad
486 1712 686 1743 amorem
717 1695 826 1750 Dei,
894 1707 1027 1758 atque
1053 1693 1158 1739 inde
1186 1693 1238 1740 ad
1266 1692 1588 1751 obedientiam;

187 1770 260 1817 sed
290 1780 336 1815 et
367 1767 439 1813 hic
467 1763 614 1810 sensus
646 1773 692 1808 et
719 1762 830 1808 haec
858 1762 947 1824 ipsa
977 1763 1068 1807 eius
1101 1763 1167 1807 vis
1196 1762 1278 1807 erit
1305 1780 1327 1807 a
1349 1760 1515 1825 Spiritu
1546 1765 1593 1823 S.f

184 1836 338 1901 illapso
360 1851 440 1899 per
460 1831 593 1878 fidem
613 1830 787 1884 animis,
829 1831 950 1876 Rom.
970 1826 1107 1882 XIV,
1131 1842 1200 1885 17.
1235 1830 1408 1892 eritque
1433 1830 1505 1876 illa
1524 1832 1587 1877 vis

182 1906 322 1967 magis
342 1905 388 1950 in
407 1897 639 1949 alliciendo
661 1906 707 1944 et
727 1895 951 1943 incitando
975 1897 1027 1942 ad
1054 1912 1253 1942 amorem
1282 1906 1326 1941 et
1345 1897 1479 1944 officii
1496 1894 1592 1954 stu·-

140 1973 331 2028 vdium,
365 1982 412 2016 vt
431 1969 558 2031 supra
579 1965 782 2018 diximus,
811 1980 946 2027 quarn
968 1963 1268 2024 ingenerando
1289 1980 1395 2009 vero
1414 1974 1462 2010 et
1481 1980 1587 2018 con->

182 2040 324 2087 stante
344 2052 516 2090 amore,
549 2044 596 2080 et
616 2034 710 2096 pari
731 2030 998 2087 obedientia,
1034 2042 1108 2078 aut
1122 2030 1329 2077 facultate
1347 2029 1582 2078 obediendi

179 2110 267 2169 legi
296 2107 471 2153 diuinae
502 2098 780 2150 conferenda.
874 2100 1167 2163 Omninoque
1195 2097 1283 2161 ipse
1310 2115 1457 2155 amor,
1504 2100 1581 2163 qui

177 2177 362 2243 proprie
383 2172 555 2226 dicitur,
589 2185 682 2215 non
702 2178 794 2215 tam
814 2165 1163 2213 facultatemdat
1187 2164 1441 2220 obediendi,
1458 2182 1579 2229 prae-

176 2246 322 2292 sertim
342 2240 372 2295 fi
394 2257 464 2287 res
483 2245 718 2304 praecepta
736 2232 798 2280 est
824 2236 950 2298 supra
970 2236 1094 2290 vires,
1114 2231 1236 2298 quod
1247 2231 1443 2278 accidere
1452 2230 1575 2296 posse

176 2313 343 2360 clarum
375 2306 457 2362 est,
509 2322 638 2370 quam
669 2303 944 2350 voluntatem
981 2302 1224 2362 ingenuam
1268 2310 1313 2346 et
1341 2301 1576 2362 integram,

173 2394 288 2442 quae
316 2388 467 2424 tamen
486 2383 530 2419 et
559 2372 649 2437 ipsa
667 2372 818 2418 multis
845 2369 977 2416 rebus
997 2368 1214 2415 debilitari
1240 2366 1406 2430 potest,
1450 2378 1498 2415 et
1525 2369 1573 2414 in

170 2446 238 2501 se,
278 2461 359 2509 per
377 2442 604 2489 illecebras
622 2455 770 2489 rerum
793 2432 1108 2491 humanarum,
1145 2446 1192 2482 et
1209 2436 1255 2480 in
1276 2432 1450 2482 afflone
1466 2435 1571 2498 ipsa,

172 2510 510 2577 opponentibus
541 2508 583 2554 se
612 2507 764 2553 multis
791 2503 1052 2551 intrinsecus
1081 2514 1127 2550 et
1147 2501 1411 2550 extrinsecus
1430 2503 1570 2564 impe-

168 2579 401 2632 dimentis,
447 2593 578 2640 quae,
595 2575 734 2631 vinci,
778 2569 858 2618 nifi
881 2571 1042 2620 viribus
1066 2590 1090 2617 a
1110 2571 1275 2634 Spiritu
1292 2572 1332 2616 S.
1362 2571 1567 2633 acceptis,

168 2657 215 2694 et
231 2645 466 2701 adiuuante
486 2643 606 2708 ipso,
642 2657 735 2689 non
754 2636 948 2706 poffunt.
1046 2637 1167 2696 Quid
1189 2638 1314 2693 vero,
1355 2634 1386 2682 fi
1405 2632 1567 2750 inggsa

1522 2721 1563 2750 ei
