1682 3068
575 163 1096 202 „J'R'RINGVARVM'
1250 182 1253 184 -
1486 167 1588 214 423

148 303 150 305 ·
174 275 271 327 fine
295 275 451 326 datum
479 274 635 334 suain
678 283 728 320 et
754 290 894 338 quem
921 272 1047 323 vfum
1075 270 1283 323 habuerit
1304 273 1354 323 in
1378 271 1588 336 Ecclelia¹

177 351 463 413 reperiamus·

270 481 443 529 Primus
461 478 600 539 igitur
618 473 721 524 finis
740 475 861 524 haud
878 475 1012 525 dubie
1030 479 1249 542 pertinuit
1263 476 1319 526 ad
1335 477 1436 526 illos
1451 478 1585 544 ipsosg

172 549 256 614 qui
272 544 463 600 christo,
503 556 552 592 vt
572 543 778 610 Apostoli
799 556 845 591 et
862 548 1001 592 ceteri
1020 548 1114 594 eius
1136 549 1264 595 amici
1282 558 1416 610 atque
1443 545 1581 595 sesta-

153 617 411 678 jvoresqui
430 612 593 660 deinde
610 611 838 677 Apostolis
857 612 1146 670 credidissent,
1168 627 1215 663 vt
1232 617 1411 662 Ioannei
1422 615 1581 664 Δᾶον.

171 683 316 734 XIX.
332 693 383 729 vt
403 681 639 730 Cornelius
658 697 763 728 cum
783 681 887 735 suis,
918 692 967 728 vt
986 681 1332 730 innumerabiles
1355 683 1448 740 alii·,
1475 694 1525 728 vt
1543 683 1577 731 ii

174 745 569 805 confirmarentur,
602 758 651 796 et
669 749 759 796 hoc
778 747 992 797 haberent
1011 750 1176 813 pignus
1195 752 1399 798 veritatis.
1450 753 1579 800 Nam

168 829 224 875 ,et
239 819 321 868 hac
338 817 395 864 de
418 815 581 873 caufl‘a,
617 828 666 865 et
685 816 849 865 horum
876 814 1176 884 χαρισμάτων
1206 821 1409 872 nomine,
1441 819 1577 882 Spiri-

167 889 303 935 ‚tuss
323 886 409 933 fuit
430 885 619 933 arrhabo
638 884 847 940 fidelium,
881 885 1060 949 fuitque
1079 889 1127 932 in
1146 885 1238 932 hoc
1254 884 1377 933 dono
1402 884 1573 948 insigne

155 951 474 1002 testimonium
494 956 683 1018 Spiritus
705 950 861 1009 sanai,
905 952 1028 1018 quod
1050 953 1307 1016 perhiberet
1336 955 1383 1000 in
1411 956 1573 1002 animis

167 1019 370 1069 fidelium
395 1023 590 1079 veritati,
630 1037 884 1086 quanquam
913 1019 991 1085 ipsi
1014 1020 1101 1068 suis
1120 1020 1251 1083 {ignis
1272 1021 1369 1068 satis
1390 1021 1576 1072 lucenti.'

159 1090 318 1144 Alter,
348 1088 403 1135 ab
423 1087 600 1136 Christo
617 1089 714 1154 ipso
734 1101 780 1136 et
801 1086 1022 1153 Apostolis
1042 1090 1157 1136 clare
1175 1088 1400 1154 proditus,
1421 1091 1573 1150 attigit

168 1174 271 1211 eos,
306 1158 384 1220 qui
399 1155 601 1204 nondum
621 1157 881 1204 crederent:
932 1156 1149 1221 ‘'tadeo-aq
1177 1159 1279 1205 sunt
1307 1159 1367 1211 εἰς
1393 1159 1571 1219 σημεῖον

168 1229 260 1281 τοῖς
279 1223 471 1278 cia-⁶2:0⁴3,
498 1229 558 1271 ait
576 1225 764 1282 Paullus,
791 1240 808 1269 1
827 1225 931 1273 Cor.
948 1227 1007 1273 X
1002 1229 1030 1271 I
1032 1226 1087 1279 l<
1106 1225 1401 1272 22.‹:011.Ah3².
1416 1225 1471 1280 V,
1482 1241 1539 1283 32
1551 1242 1573 1276 ε

164 1303 221 1342 vt
237 1307 390 1342 earum
410 1291 700 1339 admiratione
727 1291 936 1356 percuffi,
982 1294 1183 1340 animum
1202 1292 1488 1340 aduerterent
1512 1293 1572 1340 ad

168 1357 463 1421 cogitandum
482 1359 915 1421 etcognoseendurn,
932 1359 1237 1425 haberentque
1257 1360 1381 1407 hunc
1398 1359 1573 1408 aditum

166 1429 363 1495 primum
383 1428 437 1474 ad
462 1429 659 1475 veritatis
679 1429 1016 1488 cognitionem3
1060 1432 1136 1492 qui
1155 1427 1253 1476 finis
1275 1430 1315 1475 ei
1340 1427 1425 1476 fuit
1442 1432 1569 1475 com-

158 1497 314 1545 munis
334 1511 439 1543 cum
460 1498 617 1543 ceteris
638 1495 780 1552 donis,
807 1498 946 1544 Marci
959 1497 1021 1544 *X
1022 1495 1100 1546 VI.
1118 1498 1499 1551 commemoratis,
1517 1497 1569 1544 in

160 1562 331 1630 quibus
349 1566 580 1611 incurrens
600 1563 911 1610 vehementius
935 1566 982 1611 in
1010 1563 1157 1611 sensus
1175 1565 1241 1611 vis
1266 1564 1410 1627 aliqua
1429 1565 1568 1611 inter-

141 1631 300 1699 ·oeffit.
367 1636 490 1679 Nam
510 1632 558 1677 in
575 1635 803 1699 μεςισμοῒς
822 1628 935 1695 oe‘ya‘a·
950 1630 1227 1696 πνεύματος,
1257 1631 1417 1696 quibus
1435 1634 1565 1680 Deus

162 1698 391 1750 doctrinae
409 1697 570 1748 christi
600 1697 1055 1766 cwwapagwgir'caq,
1101 1701 1375 1764 testimonium
1402 1703 1565 1748 veritae

162 1773 220 1816 tir
237 1766 507 1832 perhibuisti,
544 1765 705 1815 dieitur
730 1768 880 1814 Paullo
914 1768 1052 1828 (Ebr.
1070 1771 1143 1822 II,
1168 1773 1245 1826 4.)
1287 1766 1462 1814 donum
1480 1768 1564 1815 lin-

163 1853 350 1899 guarum
371 1835 694 1883 numerandum
714 1833 820 1889 effe,
850 1834 1172 1883 dubitationem
1193 1851 1286 1883 non
1305 1834 1457 1884 habet.
1500 1837 1564 1883 Ee

161 1903 385 1960 videmus,
416 1913 633 1966 quantum
651 1906 984 1950 incrementum
1002 1901 1218 1950 Ecclefiae
1237 1905 1460 1967 pepererit
1482 1900 1563 1949 sta·

161 1973 247 2017 tim
265 1973 311 2016 in
331 1970 580 2033 principio,
624 1986 728 2016 eum
745 1971 838 2015 eius
858 1972 947 2016 vim
965 1981 1011 2016 et
1026 1969 1214 2017 caussam
1236 1969 1459 2018 auditores
1487 1968 1564 2017 ad«

162 2035 416 2086 mirabundi
435 2037 555 2082 Petri
573 2038 775 2083 oratione
794 2035 1104 2095 cognouifl‘ent
1121 2038 1218 2085 AE.
1230 2039 1301 2092 II,
1323 2054 1400 2095 41.
1433 2040 1564 2085 cete

162 2122 266 2154 rum
282 2116 471 2167 vterque
501 2101 602 2149 finis
635 2120 731 2150 eam
751 2102 908 2151 habuit
937 2103 1064 2169 saepe
1080 2101 1468 2160 coniunffionem,
1511 2114 1564 2152 vt

161 2172 324 2221 eodem
353 2182 562 2236 tempore
589 2173 754 2235 pariter
778 2181 1028 2219 teneretur:
1076 2170 1182 2219 ficut
1222 2174 1267 2218 in
1299 2171 1378 2219 illo
1408 2174 1563 2238 primo

158 2241 299 2290 veluti
319 2237 439 2295 astu,
480 2247 527 2285 et
545 2235 749 2302 Apostoli
766 2236 1016 2286 confirmati
1044 2239 1145 2287 sunt
1166 2249 1330 2286 euentu
1349 2238 1559 2304 promiffi,

157 2307 284 2374 quod
302 2304 498 2355 Christus
515 2304 665 2354 abiens
683 2308 732 2354 iu
749 2306 927 2354 coelum
948 2305 1121 2354 iusserat
1140 2304 1375 2371 exspectari
1394 2308 1560 2355 Hiero·

155 2377 361 2440 solymiS,
388 2373 486 2421 Aa.
504 2376 542 2427 Ι,
561 2389 605 2433 4.
642 2384 691 2421 et
718 2374 929 2422 conuersa
946 2373 1008 2420 est
1025 2373 1076 2420 ad
1105 2373 1471 2434 cognoscendum
1500 2373 1558 2422 de

155 2440 356 2496 Christo,
396 2452 442 2488 et
465 2441 518 2487 ad
534 2438 809 2489 credendum
836 2452 958 2488 tanta
974 2441 1229 2489 multitudo,
1331 2445 1558 2500 Ceterum,

154 2524 207 2562 vt
227 2509 374 2557 diuina
389 2509 597 2572 sapientia
616 2510 777 2565 omnia,
806 2520 1023 2572 quantum
1044 2508 1139 2556 fieri
1158 2507 1314 2574 potest,
1346 2512 1557 2558 omnibus·

82 2612 85 2614 -
157 2576 346 2627 confiliis
366 2574 451 2624 suis
468 2575 783 2623 consentientia
801 2574 980 2623 efficere
997 2576 1132 2632 solet,
1172 2574 1231 2625 fic
1249 2578 1333 2626 hos
1365 2577 1474 2626 fines
1494 2581 1557 2625 ita

157 2662 261 2696 eum
288 2645 380 2695 aliis
408 2645 640 2707 religionis
663 2641 862 2711 partibus
869 2645 1118 2760 1{ogulziuit
1148 2644 1227 2696 vsu
1257 2657 1306 2694 et
1333 2644 1477 2759 afim,d
1506 2653 1556 2695 vt

995 2730 1027 2772 4
1433 2732 1448 2760 ι
1482 2728 1557 2760 em
