1682 3068
181 119 277 168 218
487 123 796 160 vmmcmrae'-
810 100 1068 161 A‘hnnimr
1102 119 1304 162 mvnvs

179 245 277 283 eam
302 226 396 281 rem
418 231 631 298 adigere?
659 233 745 282 Sed
762 233 944 284 eosdem
965 235 1143 283 volebat
1165 233 1251 283 effe
1270 232 1450 290 sanaos,
1467 248 1498 284 a·
1512 236 1565 284 vi⁴

175 305 253 351 tiis
274 309 433 367 puros,'
458 312 506 348 et
535 300 742 350 omnibus
764 303 999 351 virtutibus
1024 315 1229 351 ornatos:
1267 319 1372 358 non,
1406 314 1455 352 vt
1474 321 1569 367 pro-

175 381 280 436 pter
302 366 569 434 sanai-tatem
590 368 758 430 adeam
778 371 1031 418 felicitatem
1055 373 1269 426 venirent,
1288 369 1568 434 illaqueess‘et

175 439 310 486 huius
339 433 556 484 efficiens:
587 437 816 502 quomodo
845 441 994 484 enim?
1030 438 1101 484 sed
1129 439 1250 502 quod
1280 454 1372 485 non
1398 437 1571 484 deceret

175 509 343 562 Deum,
380 503 736 568 san‘E’titatemque
768 508 862 552 eius
897 506 1124 561 summam,
1155 523 1246 553 non
1269 501 1420 552 sanffls
1441 515 1572 567 atque

174 572 394 637 improbis
415 571 516 619 dare
536 573 654 637 velut
671 575 917 638 praemium
941 575 1191 638 impietatis.
1261 577 1421 619 Homo
1438 575 1571 633 igitur

175 638 416 709 peccando,
449 647 668 704 quantum
696 643 743 687 in
773 634 992 704 ipsoifuit,
1024 642 1143 687 irrita
1162 639 1352 687 reddidit
1371 638 1568 701 benigni·
1647 696 1655 701 ἠ

175 711 282 757 tatis
313 707 485 754 diuinae
510 701 739 754 destinata:
777 725 882 762 non,
921 725 1008 772 quo
1040 708 1358 770 benignitatem
1380 706 1569 754 diuinam
1637 724 1642 733 ·

174 774 405 830 sustulerit,
441 792 555 839 quae
576 778 734 822 mutari
767 792 816 822 ac
836 775 1020 823 diminui
1052 792 1143 822 non
1166 775 1322 839 potest,
1357 772 1430 820 sed
1452 772 1570 838 quod

174 842 444 892 sanstitatem
475 841 669 889 diuinam
697 841 981 906 aduersariam
1010 842 1085 889 libi
1116 842 1232 889 fecit.
1302 845 1416 889 Ecce
1446 847 1568 890 Deus

173 913 396 962 rationem
415 911 523 966 iniit,
551 928 635 974 qua
654 909 979 971 benignitatem
991 923 1037 957 et
1058 908 1328 957 sanffitatem
1351 911 1469 957 suam
1480 909 1568 955 vel·

174 988 225 1028 vt
246 980 293 1039 in
309 977 593 1024 concordiam
615 978 846 1038 redigeret,
873 976 1093 1042 expiandis
1117 994 1196 1040 per
1215 974 1440 1024 Christum
1468 992 1570 1040 pec-

159 1048 284 1095 acatis
307 1045 512 1092 humanis
543 1045 765 1101 omnibus,
799 1055 932 1108 atque
952 1049 1011 1093 ita
1031 1044 1218 1092 reddidit
1239 1044 1492 1098 hominibus
1512 1043 1570 1090 sa·

168 1115 280 1164 'lutis
309 1113 442 1176 spem.
511 1112 595 1158 Sed
627 1114 803 1176 quando
833 1115 872 1159 ei
898 1115 966 1160 ius
988 1111 1060 1167 est,
1088 1111 1273 1159 modum
1291 1110 1569 1175 accipiendo-

170 1199 280 1231 rum
312 1177 630 1227 beneficiorum
661 1178 860 1235 statuere,
895 1191 942 1226 vt
971 1180 1097 1244 supra
1118 1181 1312 1236 vicimus,
1342 1180 1508 1243 placuit
1528 1180 1570 1224 ei

169 1245 578 1299 'modum-statuere
605 1248 742 1303 hunc,
775 1257 824 1293 vt
852 1245 962 1293 fides
994 1251 1038 1294 in
1059 1243 1274 1293 Christum
1307 1244 1413 1292 esset
1440 1248 1485 1292 in
1506 1246 1568 1300 iis,

170 1318 252 1382 qui
273 1315 324 1362 ad
343 1331 438 1361 eam
461 1314 643 1361 salutem
662 1314 940 1378 adspirarent.
1006 1317 1064 1361 Ea
1086 1330 1354 1377 quamquam
1377 1308 1439 1358 est
1463 1309 1569 1359 effi!-

174 1384 285 1434 strix
305 1399 433 1429 verae
453 1380 704 1438 sanstitatis,
738 1381 871 1445 idque
901 1384 948 1428 in
981 1379 1209 1428 statuendo
1240 1381 1376 1428 modo
1398 1380 1477 1427 illo
1498 1379 1570 1426 ali-

174 1469 260 1520 qua
291 1468 344 1498 ex
375 1461 501 1515 parte
528 1447 742 1515 spestauit
762 1453 884 1497 Deus
912 1466 996 1514 pro
1024 1447 1248 1496 sanstitate
1279 1448 1375 1495 sua:
1418 1458 1569 1494 tamen

172 1533 270 1570 non
289 1519 349 1566 ob
370 1519 484 1564 hanc
512 1521 617 1573 vim,
653 1534 756 1565 eum
780 1521 902 1563 Deus
930 1517 1070 1563 voluit
1097 1514 1180 1562 else
1209 1514 1392 1562 modum
1420 1513 1571 1560 conse-

171 1588 380 1652 quendae
399 1585 554 1641 salutis,
587 1596 634 1631 vt
656 1587 768 1632 clare
801 1594 923 1647 patet
950 1601 975 1629 e
1002 1583 1152 1630 multis
1174 1580 1332 1628 Christi
1352 1579 1487 1637 distis,
1524 1590 1569 1626 et

175 1656 336 1703 diserta
353 1653 489 1699 Paulli
509 1655 552 1698 in
576 1650 755 1716 epistola
777 1650 832 1697 ad
852 1655 1077 1698 Romanos
1097 1649 1404 1713 disputatione,
1433 1648 1569 1712 idque

173 1722 320 1787 ipsum
346 1718 654 1783 sapientissimis
674 1730 719 1765 et
738 1718 1018 1780 benignitatis
1036 1719 1080 1764 in
1102 1716 1304 1765 homines
1317 1714 1570 1780 pleniffimis

174 1791 232 1838 'de
253 1787 413 1842 cauffis,
433 1785 505 1833 sed
527 1803 606 1851 per
626 1786 689 1832 se:
713 1785 842 1850 idque
863 1785 1095 1845 diligenter
1117 1795 1162 1831 et
1178 1781 1295 1830 ateste
1314 1783 1570 1840 tenendum,

173 1855 254 1907 nifi
263 1865 404 1903 totam
415 1857 634 1901 rationem
655 1852 919 1901 Christianae
938 1854 1160 1914 religionis
1175 1849 1427 1914 (οἰκονομίαν
1443 1850 1568 1897 Paul-

172 1927 247 1975 lus
274 1923 481 1990 appellat)
514 1921 781 1969 conturbare
808 1921 1017 1975 velimus;
1059 1918 1179 1982 quod
1208 1919 1376 1965 faciunt
1407 1919 1465 1975 hi,
1496 1918 1571 1982 qui

174 1992 313 2042 fidem
350 1993 409 2038 ita
437 1989 670 2044 definiunt,
702 1999 750 2035 vt
781 2005 872 2035 non
901 1998 990 2035 tam
1023 1986 1075 2034 ad
1096 1987 1376 2047 benignitatis
1395 1985 1571 2033 diuinae

175 2059 419 2114 arbitrium,
450 2057 521 2103 sed
556 2056 623 2103 vel
653 2058 840 2103 maxime
868 2056 920 2102 ad
949 2053 1179 2102 sanstitatis
1209 2056 1425 2100 rationem
1445 2053 1570 2116 ires&

174 2138 299 2178 rant:
335 2125 451 2174 vnde
471 2136 517 2172 et
533 2126 580 2172 in
603 2122 800 2171 dostrina
826 2123 911 2187 ipsa
931 2121 1217 2170 incommoda
1237 2131 1368 2183 atque
1387 2135 1572 2174 errores,

176 2207 225 2245 et
243 2199 288 2243 in
310 2195 461 2242 animis
482 2194 715 2239 hominum
746 2190 1045 2237 dubitationes
1075 2201 1120 2235 et
1147 2187 1461 2235 sollicitudines
1481 2189 1568 2234 ori·

176 2274 330 2311 untur.
402 2267 535 2314 Nam,
565 2261 641 2323 qui
680 2259 888 2306 summam
917 2255 1018 2302 fidei
1051 2255 1136 2302 effe-
1163 2255 1319 2302 dicunt
1349 2257 1395 2313 in
1426 2271 1494 2308 eo,
1523 2262 1571 2301 vt

166 2332 408 2398 statzaa'mus
411 2328 615 2391 firmiter,
631 2326 735 2387 fieri
754 2344 835 2373 non
850 2324 979 2388 pqffi’,
1009 2333 1056 2371 vt
1073 2326 1199 2372 aliter
1218 2339 1340 2387 quam
1357 2331 1444 2383 ‘per
1459 2323 1496 2368 I.
1520 2322 1570 2369 C.

179 2408 223 2446 et
241 2401 324 2445 alia
344 2414 466 2462 quam
476 2413 562 2457 per
585 2395 716 2457 ipsimi
741 2393 1002 2456 praescripta
1032 2394 1195 2438 ratione
1227 2393 1306 2450 (ita
1324 2389 1487 2436 scilicet
1503 2389 1569 2434 in-

176 2465 410 2529 terpretari
431 2463 634 2510 videntur
650 2479 730 2522 per
751 2465 790 2507 I.
814 2461 881 2518 C.)
917 2468 1127 2505 aetcrnam
1147 2467 1317 2504 mortem
1342 2459 1574 2511 evadamus,

178 2542 222 2580 et
255 2542 400 2579 contra
426 2533 555 2578 vitam
577 2538 785 2576 aeternam
812 2527 1101 2590 consequamur
1138 2523 1496 2586 (Remorfirantes
1524 2523 1572 2569 in

181 2599 367 2668 Consqffi
383 2616 411 2650 c,
435 2599 521 2645 XI.
544 2598 581 2664 ᾗ.
606 2614 646 2646 2.
664 2613 706 2659 p.
730 2598 828 2660 35.)
849 2592 962 2643 vnde
985 2593 1143 2642 volunt
1163 2588 1343 2640 existere
1365 2588 1575 2642 obedien-

1469 2658 1577 2706 tiam
