<?xml version="1.0" encoding="UTF-8"?>
<!DOCTYPE html PUBLIC "-//W3C//DTD XHTML 1.0 Transitional//EN"
    "http://www.w3.org/TR/xhtml1/DTD/xhtml1-transitional.dtd">
<html xmlns="http://www.w3.org/1999/xhtml" xml:lang="en" lang="en">
 <head>
  <title>
</title>
<meta http-equiv="Content-Type" content="text/html;charset=utf-8" />
  <meta name='ocr-system' content='tesseract 3.04.00' />
  <meta name='ocr-capabilities' content='ocr_page ocr_carea ocr_par ocr_line ocrx_word'/>
</head>
<body>
  <div class='ocr_page' id='page_1' title='image "./opusculatheologi00erneuoft_0140.png"; bbox 0 0 1682 3068; ppageno 0'>
   <div class='ocr_carea' id='block_1_1' title="bbox 162 179 976 233">
    <p class='ocr_par' dir='ltr' id='par_1_1' title="bbox 162 179 976 233">
     <span class='ocr_line' id='line_1_1' title="bbox 162 179 976 233; baseline 0.005 -6"><span class='ocrx_word' id='word_1_1' title='bbox 162 179 282 231; x_wconf 46' lang='lat'>118*</span> <span class='ocrx_word' id='word_1_2' title='bbox 748 201 783 230; x_wconf 71' lang='lat' dir='ltr'>A</span> <span class='ocrx_word' id='word_1_3' title='bbox 817 201 854 231; x_wconf 71' lang='lat' dir='ltr'>N</span> <span class='ocrx_word' id='word_1_4' title='bbox 889 202 918 233; x_wconf 77' lang='grc' dir='ltr'><strong><em>τ</em></strong></span> <span class='ocrx_word' id='word_1_5' title='bbox 955 203 976 231; x_wconf 83' lang='lat'><strong>1</strong></span> 
     </span>
    </p>
   </div>
   <div class='ocr_carea' id='block_1_2' title="bbox 166 289 1579 439">
    <p class='ocr_par' dir='ltr' id='par_1_2' title="bbox 166 289 1579 439">
     <span class='ocr_line' id='line_1_2' title="bbox 166 289 1579 376; baseline 0.006 -26"><span class='ocrx_word' id='word_1_6' title='bbox 166 299 384 366; x_wconf 87' lang='lat' dir='ltr'>loquendi</span> <span class='ocrx_word' id='word_1_7' title='bbox 399 289 591 353; x_wconf 43' lang='lat' dir='ltr'>&#39;retinuit</span> <span class='ocrx_word' id='word_1_8' title='bbox 612 301 711 367; x_wconf 87' lang='lat' dir='ltr'>post</span> <span class='ocrx_word' id='word_1_9' title='bbox 729 305 841 354; x_wconf 82' lang='lat' dir='ltr'>sacra</span> <span class='ocrx_word' id='word_1_10' title='bbox 859 307 1087 356; x_wconf 86' lang='lat' dir='ltr'>solemnia.</span> <span class='ocrx_word' id='word_1_11' title='bbox 1119 310 1181 355; x_wconf 89' lang='lat' dir='ltr'>At</span> <span class='ocrx_word' id='word_1_12' title='bbox 1199 310 1469 358; x_wconf 88' lang='lat' dir='ltr'>reuerentiae</span> <span class='ocrx_word' id='word_1_13' title='bbox 1478 310 1579 376; x_wconf 83' lang='lat' dir='ltr'>plu-</span> 
     </span>
     <span class='ocr_line' id='line_1_3' title="bbox 169 368 1579 439; baseline 0.005 -21"><span class='ocrx_word' id='word_1_14' title='bbox 169 371 338 418; x_wconf 79' lang='lat' dir='ltr'>timum</span> <span class='ocrx_word' id='word_1_15' title='bbox 359 368 560 419; x_wconf 84' lang='lat' dir='ltr'>habitum</span> <span class='ocrx_word' id='word_1_16' title='bbox 581 370 642 418; x_wconf 88' lang='lat' dir='ltr'>est</span> <span class='ocrx_word' id='word_1_17' title='bbox 667 370 752 421; x_wconf 87' lang='lat' dir='ltr'>istis</span> <span class='ocrx_word' id='word_1_18' title='bbox 771 377 967 439; x_wconf 87' lang='lat' dir='ltr'>reliquiis</span> <span class='ocrx_word' id='word_1_19' title='bbox 989 379 1035 422; x_wconf 89' lang='lat' dir='ltr'>in</span> <span class='ocrx_word' id='word_1_20' title='bbox 1061 386 1211 422; x_wconf 86' lang='lat' dir='ltr'>vetere</span> <span class='ocrx_word' id='word_1_21' title='bbox 1247 375 1440 424; x_wconf 83' lang='lat' dir='ltr'>ecclesia.</span> <span class='ocrx_word' id='word_1_22' title='bbox 1505 382 1579 425; x_wconf 90' lang='lat' dir='ltr'>De</span> 
     </span>
    </p>
   </div>
   <div class='ocr_carea' id='block_1_3' title="bbox 138 437 1630 2795">
    <p class='ocr_par' dir='ltr' id='par_1_3' title="bbox 172 437 1579 557">
     <span class='ocr_line' id='line_1_4' title="bbox 172 437 1579 510; baseline 0.004 -25"><span class='ocrx_word' id='word_1_23' title='bbox 172 439 264 485; x_wconf 91' lang='lat' dir='ltr'>hoc</span> <span class='ocrx_word' id='word_1_24' title='bbox 285 439 395 494; x_wconf 88' lang='lat' dir='ltr'>iam,</span> <span class='ocrx_word' id='word_1_25' title='bbox 421 440 551 503; x_wconf 85' lang='lat' dir='ltr'>quale</span> <span class='ocrx_word' id='word_1_26' title='bbox 569 437 637 498; x_wconf 83' lang='lat' dir='ltr'>sit,</span> <span class='ocrx_word' id='word_1_27' title='bbox 682 442 849 507; x_wconf 81' lang='lat' dir='ltr'><strong>etquid</strong></span> <span class='ocrx_word' id='word_1_28' title='bbox 868 443 911 490; x_wconf 91' lang='lat' dir='ltr'>id</span> <span class='ocrx_word' id='word_1_29' title='bbox 933 441 1072 510; x_wconf 88' lang='lat' dir='ltr'>prosit</span> <span class='ocrx_word' id='word_1_30' title='bbox 1106 441 1325 492; x_wconf 79' lang='lat' dir='ltr'>Ecclesiae</span> <span class='ocrx_word' id='word_1_31' title='bbox 1344 447 1579 504; x_wconf 82' lang='lat' dir='ltr'>Romanae,</span> 
     </span>
     <span class='ocr_line' id='line_1_5' title="bbox 174 505 804 557; baseline -0.011 -3"><span class='ocrx_word' id='word_1_32' title='bbox 174 505 416 554; x_wconf 81' lang='lat' dir='ltr'>videamus.</span> <span class='ocrx_word' id='word_1_33' title='bbox 799 555 804 557; x_wconf 35' lang='lat'>‚</span> 
     </span>
    </p>

    <p class='ocr_par' dir='ltr' id='par_1_4' title="bbox 177 572 1589 1569">
     <span class='ocr_line' id='line_1_6' title="bbox 276 572 1579 643; baseline 0.003 -23"><span class='ocrx_word' id='word_1_34' title='bbox 276 577 331 620; x_wconf 93' lang='lat' dir='ltr'>In</span> <span class='ocrx_word' id='word_1_35' title='bbox 359 572 442 621; x_wconf 88' lang='lat' dir='ltr'>hac</span> <span class='ocrx_word' id='word_1_36' title='bbox 468 583 619 622; x_wconf 85' lang='lat' dir='ltr'>autem</span> <span class='ocrx_word' id='word_1_37' title='bbox 646 575 778 624; x_wconf 86' lang='lat' dir='ltr'>altera</span> <span class='ocrx_word' id='word_1_38' title='bbox 808 575 1110 642; x_wconf 80' lang='lat' dir='ltr'>disputationis</span> <span class='ocrx_word' id='word_1_39' title='bbox 1144 589 1269 643; x_wconf 86' lang='lat' dir='ltr'>parte</span> <span class='ocrx_word' id='word_1_40' title='bbox 1297 580 1376 638; x_wconf 90' lang='lat' dir='ltr'>(C.</span> <span class='ocrx_word' id='word_1_41' title='bbox 1400 581 1579 637; x_wconf 86' lang='lat' dir='ltr'>XXIV.)</span> 
     </span>
     <span class='ocr_line' id='line_1_7' title="bbox 177 639 1581 710; baseline 0.001 -22"><span class='ocrx_word' id='word_1_42' title='bbox 177 643 371 688; x_wconf 85' lang='lat' dir='ltr'>maxime</span> <span class='ocrx_word' id='word_1_43' title='bbox 391 658 459 687; x_wconf 87' lang='lat' dir='ltr'>res</span> <span class='ocrx_word' id='word_1_44' title='bbox 485 639 545 689; x_wconf 87' lang='lat' dir='ltr'>est</span> <span class='ocrx_word' id='word_1_45' title='bbox 567 644 815 692; x_wconf 83' lang='lat' dir='ltr'>Muratorio</span> <span class='ocrx_word' id='word_1_46' title='bbox 835 662 935 693; x_wconf 87' lang='lat' dir='ltr'>cum</span> <span class='ocrx_word' id='word_1_47' title='bbox 958 648 1137 695; x_wconf 81' lang='lat' dir='ltr'>Lutlzeri</span> <span class='ocrx_word' id='word_1_48' title='bbox 1158 644 1465 700; x_wconf 60' lang='lat' dir='ltr'>sess‘catoribus,</span> <span class='ocrx_word' id='word_1_49' title='bbox 1505 646 1581 710; x_wconf 89' lang='lat' dir='ltr'>qui</span> 
     </span>
     <span class='ocr_line' id='line_1_8' title="bbox 179 708 1581 777; baseline 0.001 -20"><span class='ocrx_word' id='word_1_50' title='bbox 179 720 299 757; x_wconf 81' lang='lat' dir='ltr'>extra</span> <span class='ocrx_word' id='word_1_51' title='bbox 332 708 454 756; x_wconf 88' lang='lat' dir='ltr'>vsum</span> <span class='ocrx_word' id='word_1_52' title='bbox 484 721 648 771; x_wconf 84' lang='lat' dir='ltr'>negant</span> <span class='ocrx_word' id='word_1_53' title='bbox 675 710 759 759; x_wconf 90' lang='lat' dir='ltr'>esse</span> <span class='ocrx_word' id='word_1_54' title='bbox 790 728 894 759; x_wconf 88' lang='lat' dir='ltr'>cum</span> <span class='ocrx_word' id='word_1_55' title='bbox 933 729 1048 777; x_wconf 88' lang='lat' dir='ltr'>pane</span> <span class='ocrx_word' id='word_1_56' title='bbox 1086 710 1376 761; x_wconf 69' lang='lat' dir='ltr'>coniunstum</span> <span class='ocrx_word' id='word_1_57' title='bbox 1417 727 1581 776; x_wconf 72' lang='lat' dir='ltr'>corpus</span> 
     </span>
     <span class='ocr_line' id='line_1_9' title="bbox 180 773 1581 845; baseline -0.001 -20"><span class='ocrx_word' id='word_1_58' title='bbox 180 773 354 825; x_wconf 88' lang='lat' dir='ltr'>Christi.</span> <span class='ocrx_word' id='word_1_59' title='bbox 394 774 479 824; x_wconf 87' lang='lat' dir='ltr'>Sed</span> <span class='ocrx_word' id='word_1_60' title='bbox 498 779 546 823; x_wconf 90' lang='lat' dir='ltr'>in</span> <span class='ocrx_word' id='word_1_61' title='bbox 565 779 656 825; x_wconf 90' lang='lat' dir='ltr'>hoc</span> <span class='ocrx_word' id='word_1_62' title='bbox 674 795 768 827; x_wconf 89' lang='lat' dir='ltr'>non</span> <span class='ocrx_word' id='word_1_63' title='bbox 794 781 952 840; x_wconf 83' lang='lat' dir='ltr'>magis,</span> <span class='ocrx_word' id='word_1_64' title='bbox 981 796 1112 844; x_wconf 88' lang='lat' dir='ltr'>quam</span> <span class='ocrx_word' id='word_1_65' title='bbox 1136 783 1180 827; x_wconf 89' lang='lat' dir='ltr'>in</span> <span class='ocrx_word' id='word_1_66' title='bbox 1201 781 1432 845; x_wconf 86' lang='lat' dir='ltr'>superiori,</span> <span class='ocrx_word' id='word_1_67' title='bbox 1450 779 1581 827; x_wconf 84' lang='lat' dir='ltr'>nobis</span> 
     </span>
     <span class='ocr_line' id='line_1_10' title="bbox 182 842 1585 912; baseline 0 -20"><span class='ocrx_word' id='word_1_68' title='bbox 182 844 401 892; x_wconf 78' lang='lat' dir='ltr'>satisfecit.</span> <span class='ocrx_word' id='word_1_69' title='bbox 474 849 543 892; x_wconf 85' lang='lat' dir='ltr'>Ac</span> <span class='ocrx_word' id='word_1_70' title='bbox 571 847 712 910; x_wconf 85' lang='lat' dir='ltr'>prima</span> <span class='ocrx_word' id='word_1_71' title='bbox 730 847 910 911; x_wconf 87' lang='lat' dir='ltr'>quidem</span> <span class='ocrx_word' id='word_1_72' title='bbox 933 850 1070 894; x_wconf 88' lang='lat' dir='ltr'>totius</span> <span class='ocrx_word' id='word_1_73' title='bbox 1091 847 1209 895; x_wconf 85' lang='lat' dir='ltr'>istius</span> <span class='ocrx_word' id='word_1_74' title='bbox 1226 848 1380 912; x_wconf 89' lang='lat' dir='ltr'>capitis</span> <span class='ocrx_word' id='word_1_75' title='bbox 1400 864 1498 912; x_wconf 80' lang='lat' dir='ltr'>pars</span> <span class='ocrx_word' id='word_1_76' title='bbox 1521 842 1585 892; x_wconf 86' lang='lat' dir='ltr'>est</span> 
     </span>
     <span class='ocr_line' id='line_1_11' title="bbox 179 912 1583 980; baseline 0.001 -21"><span class='ocrx_word' id='word_1_77' title='bbox 179 912 314 979; x_wconf 86' lang='lat' dir='ltr'>plane</span> <span class='ocrx_word' id='word_1_78' title='bbox 330 912 481 967; x_wconf 86' lang='lat' dir='ltr'>aliena,</span> <span class='ocrx_word' id='word_1_79' title='bbox 504 929 587 959; x_wconf 90' lang='lat' dir='ltr'>nec</span> <span class='ocrx_word' id='word_1_80' title='bbox 607 914 732 960; x_wconf 84' lang='lat' dir='ltr'>vllius</span> <span class='ocrx_word' id='word_1_81' title='bbox 753 915 948 961; x_wconf 86' lang='lat' dir='ltr'>vtilitatis</span> <span class='ocrx_word' id='word_1_82' title='bbox 972 917 1018 962; x_wconf 92' lang='lat' dir='ltr'>in</span> <span class='ocrx_word' id='word_1_83' title='bbox 1032 913 1167 961; x_wconf 77' lang='lat' dir='ltr'>caussa</span> <span class='ocrx_word' id='word_1_84' title='bbox 1188 912 1425 980; x_wconf 88' lang='lat' dir='ltr'>proposita.</span> <span class='ocrx_word' id='word_1_85' title='bbox 1460 918 1583 961; x_wconf 82' lang='lat' dir='ltr'>Nam</span> 
     </span>
     <span class='ocr_line' id='line_1_12' title="bbox 181 978 1584 1046; baseline -0.001 -18"><span class='ocrx_word' id='word_1_86' title='bbox 181 979 385 1042; x_wconf 86' lang='lat' dir='ltr'>reliquias</span> <span class='ocrx_word' id='word_1_87' title='bbox 409 978 725 1027; x_wconf 85' lang='lat' dir='ltr'>Eucharisticas</span> <span class='ocrx_word' id='word_1_88' title='bbox 746 982 831 1028; x_wconf 88' lang='lat' dir='ltr'>alio</span> <span class='ocrx_word' id='word_1_89' title='bbox 858 979 1021 1036; x_wconf 70' lang='lat' dir='ltr'>mistas,</span> <span class='ocrx_word' id='word_1_90' title='bbox 1062 980 1185 1046; x_wconf 90' lang='lat' dir='ltr'>quod</span> <span class='ocrx_word' id='word_1_91' title='bbox 1215 983 1381 1029; x_wconf 87' lang='lat' dir='ltr'>clarum</span> <span class='ocrx_word' id='word_1_92' title='bbox 1411 980 1496 1028; x_wconf 78' lang='lat' dir='ltr'>esse</span> <span class='ocrx_word' id='word_1_93' title='bbox 1523 982 1584 1028; x_wconf 83' lang='lat' dir='ltr'>ait</span> 
     </span>
     <span class='ocr_line' id='line_1_13' title="bbox 182 1046 1586 1113; baseline 0.001 -20"><span class='ocrx_word' id='word_1_94' title='bbox 182 1049 335 1094; x_wconf 85' lang='lat' dir='ltr'>multis</span> <span class='ocrx_word' id='word_1_95' title='bbox 357 1049 426 1093; x_wconf 89' lang='lat' dir='ltr'>SS.</span> <span class='ocrx_word' id='word_1_96' title='bbox 450 1050 625 1095; x_wconf 84' lang='lat' dir='ltr'>Patrum</span> <span class='ocrx_word' id='word_1_97' title='bbox 646 1046 928 1104; x_wconf 87' lang='lat' dir='ltr'>testimoniis,</span> <span class='ocrx_word' id='word_1_98' title='bbox 961 1050 1116 1096; x_wconf 86' lang='lat' dir='ltr'>scimus</span> <span class='ocrx_word' id='word_1_99' title='bbox 1139 1047 1239 1113; x_wconf 90' lang='lat' dir='ltr'>ipsi:</span> <span class='ocrx_word' id='word_1_100' title='bbox 1289 1049 1361 1096; x_wconf 90' lang='lat' dir='ltr'>sed</span> <span class='ocrx_word' id='word_1_101' title='bbox 1379 1059 1428 1095; x_wconf 89' lang='lat' dir='ltr'>vt</span> <span class='ocrx_word' id='word_1_102' title='bbox 1459 1048 1586 1112; x_wconf 87' lang='lat' dir='ltr'>supra</span> 
     </span>
     <span class='ocr_line' id='line_1_14' title="bbox 183 1113 1582 1180; baseline 0.001 -20"><span class='ocrx_word' id='word_1_103' title='bbox 183 1113 392 1167; x_wconf 72' lang='lat' dir='ltr'>diximus,</span> <span class='ocrx_word' id='word_1_104' title='bbox 423 1130 474 1160; x_wconf 89' lang='lat' dir='ltr'>ea</span> <span class='ocrx_word' id='word_1_105' title='bbox 494 1131 562 1160; x_wconf 85' lang='lat' dir='ltr'>res</span> <span class='ocrx_word' id='word_1_106' title='bbox 581 1116 796 1180; x_wconf 82' lang='lat' dir='ltr'>pertinuit</span> <span class='ocrx_word' id='word_1_107' title='bbox 830 1115 883 1163; x_wconf 85' lang='lat' dir='ltr'>ad</span> <span class='ocrx_word' id='word_1_108' title='bbox 902 1118 1043 1169; x_wconf 70' lang='lat' dir='ltr'>vstitu,</span> <span class='ocrx_word' id='word_1_109' title='bbox 1070 1127 1118 1164; x_wconf 84' lang='lat' dir='ltr'>vt</span> <span class='ocrx_word' id='word_1_110' title='bbox 1140 1114 1582 1171; x_wconf 31' lang='lat' dir='ltr'>comederentur-,Met</span> 
     </span>
     <span class='ocr_line' id='line_1_15' title="bbox 184 1180 1584 1247; baseline -0.001 -17"><span class='ocrx_word' id='word_1_111' title='bbox 184 1183 246 1230; x_wconf 85' lang='lat' dir='ltr'>ita</span> <span class='ocrx_word' id='word_1_112' title='bbox 266 1183 334 1228; x_wconf 85' lang='lat' dir='ltr'>vel</span> <span class='ocrx_word' id='word_1_113' title='bbox 355 1180 600 1229; x_wconf 81' lang='lat' dir='ltr'>benefieret</span> <span class='ocrx_word' id='word_1_114' title='bbox 617 1183 888 1247; x_wconf 83' lang='lat' dir='ltr'>pauperibus</span> <span class='ocrx_word' id='word_1_115' title='bbox 902 1221 913 1240; x_wconf 94' lang='lat'>,</span> <span class='ocrx_word' id='word_1_116' title='bbox 946 1185 1013 1230; x_wconf 88' lang='lat' dir='ltr'>vel</span> <span class='ocrx_word' id='word_1_117' title='bbox 1033 1182 1371 1239; x_wconf 65' lang='lat' dir='ltr'>beneuolenda,</span> <span class='ocrx_word' id='word_1_118' title='bbox 1398 1196 1445 1229; x_wconf 88' lang='lat' dir='ltr'>et</span> <span class='ocrx_word' id='word_1_119' title='bbox 1464 1199 1584 1229; x_wconf 88' lang='lat' dir='ltr'>com-</span> 
     </span>
     <span class='ocr_line' id='line_1_16' title="bbox 184 1249 1587 1315; baseline 0 -19"><span class='ocrx_word' id='word_1_120' title='bbox 184 1250 344 1296; x_wconf 86' lang='lat' dir='ltr'>munio</span> <span class='ocrx_word' id='word_1_121' title='bbox 367 1265 468 1295; x_wconf 87' lang='lat' dir='ltr'>cum</span> <span class='ocrx_word' id='word_1_122' title='bbox 490 1251 539 1295; x_wconf 85' lang='lat' dir='ltr'>iis</span> <span class='ocrx_word' id='word_1_123' title='bbox 559 1262 606 1298; x_wconf 90' lang='lat' dir='ltr'>et</span> <span class='ocrx_word' id='word_1_124' title='bbox 627 1249 884 1299; x_wconf 54' lang='lat' dir='ltr'>coniunctio</span> <span class='ocrx_word' id='word_1_125' title='bbox 904 1261 1129 1315; x_wconf 85' lang='lat' dir='ltr'>vtcunque</span> <span class='ocrx_word' id='word_1_126' title='bbox 1147 1250 1426 1298; x_wconf 82' lang='lat' dir='ltr'>indicaretur.</span> <span class='ocrx_word' id='word_1_127' title='bbox 1476 1253 1587 1296; x_wconf 88' lang='lat' dir='ltr'>Hoc</span> 
     </span>
     <span class='ocr_line' id='line_1_17' title="bbox 184 1315 1586 1378; baseline 0 -14"><span class='ocrx_word' id='word_1_128' title='bbox 184 1319 327 1378; x_wconf 83' lang='lat' dir='ltr'>igitur</span> <span class='ocrx_word' id='word_1_129' title='bbox 345 1327 394 1363; x_wconf 87' lang='lat' dir='ltr'>vt</span> <span class='ocrx_word' id='word_1_130' title='bbox 415 1315 619 1373; x_wconf 86' lang='lat' dir='ltr'>doceret,</span> <span class='ocrx_word' id='word_1_131' title='bbox 653 1335 746 1366; x_wconf 90' lang='lat' dir='ltr'>non</span> <span class='ocrx_word' id='word_1_132' title='bbox 766 1318 1078 1366; x_wconf 82' lang='lat' dir='ltr'>desideramus:</span> <span class='ocrx_word' id='word_1_133' title='bbox 1127 1319 1218 1365; x_wconf 90' lang='lat' dir='ltr'>hoc</span> <span class='ocrx_word' id='word_1_134' title='bbox 1236 1332 1382 1365; x_wconf 85' lang='lat' dir='ltr'>autem</span> <span class='ocrx_word' id='word_1_135' title='bbox 1404 1316 1586 1364; x_wconf 86' lang='lat' dir='ltr'>demon-</span> 
     </span>
     <span class='ocr_line' id='line_1_18' title="bbox 186 1381 1588 1450; baseline -0.002 -17"><span class='ocrx_word' id='word_1_136' title='bbox 186 1383 413 1433; x_wconf 86' lang='lat' dir='ltr'>strandum</span> <span class='ocrx_word' id='word_1_137' title='bbox 430 1396 547 1442; x_wconf 84' lang='lat' dir='ltr'>erat,</span> <span class='ocrx_word' id='word_1_138' title='bbox 583 1402 683 1440; x_wconf 89' lang='lat' dir='ltr'>eos,</span> <span class='ocrx_word' id='word_1_139' title='bbox 714 1386 766 1433; x_wconf 89' lang='lat' dir='ltr'>ad</span> <span class='ocrx_word' id='word_1_140' title='bbox 789 1403 902 1450; x_wconf 87' lang='lat' dir='ltr'>quos</span> <span class='ocrx_word' id='word_1_141' title='bbox 925 1383 1070 1433; x_wconf 82' lang='lat' dir='ltr'>missae</span> <span class='ocrx_word' id='word_1_142' title='bbox 1089 1384 1245 1441; x_wconf 87' lang='lat' dir='ltr'>essent,</span> <span class='ocrx_word' id='word_1_143' title='bbox 1277 1381 1588 1449; x_wconf 76' lang='lat' dir='ltr'>accepiffe,·vt</span> 
     </span>
     <span class='ocr_line' id='line_1_19' title="bbox 188 1451 1589 1518; baseline -0.001 -17"><span class='ocrx_word' id='word_1_144' title='bbox 188 1468 346 1501; x_wconf 83' lang='lat' dir='ltr'>verum</span> <span class='ocrx_word' id='word_1_145' title='bbox 373 1469 539 1516; x_wconf 87' lang='lat' dir='ltr'>corpus</span> <span class='ocrx_word' id='word_1_146' title='bbox 569 1452 750 1513; x_wconf 84' lang='lat' dir='ltr'>christi,</span> <span class='ocrx_word' id='word_1_147' title='bbox 800 1465 849 1502; x_wconf 87' lang='lat' dir='ltr'>et</span> <span class='ocrx_word' id='word_1_148' title='bbox 878 1451 1070 1501; x_wconf 83' lang='lat' dir='ltr'>adorasse</span> <span class='ocrx_word' id='word_1_149' title='bbox 1095 1469 1189 1501; x_wconf 86' lang='lat' dir='ltr'>eas:</span> <span class='ocrx_word' id='word_1_150' title='bbox 1245 1468 1441 1518; x_wconf 83' lang='lat' dir='ltr'>quorum</span> <span class='ocrx_word' id='word_1_151' title='bbox 1472 1451 1589 1499; x_wconf 83' lang='lat' dir='ltr'>nihil</span> 
     </span>
     <span class='ocr_line' id='line_1_20' title="bbox 189 1517 595 1569; baseline -0.005 0"><span class='ocrx_word' id='word_1_152' title='bbox 189 1517 354 1569; x_wconf 53' lang='lat' dir='ltr'>saelum</span> <span class='ocrx_word' id='word_1_153' title='bbox 382 1521 595 1568; x_wconf 84' lang='lat' dir='ltr'>videmus.</span> 
     </span>
    </p>

    <p class='ocr_par' dir='ltr' id='par_1_5' title="bbox 189 1583 1630 2394">
     <span class='ocr_line' id='line_1_21' title="bbox 284 1583 1588 1654; baseline -0.002 -20"><span class='ocrx_word' id='word_1_154' title='bbox 284 1591 375 1635; x_wconf 82' lang='lat' dir='ltr'>Iam</span> <span class='ocrx_word' id='word_1_155' title='bbox 394 1587 516 1653; x_wconf 86' lang='lat' dir='ltr'>quod</span> <span class='ocrx_word' id='word_1_156' title='bbox 536 1588 756 1652; x_wconf 86' lang='lat' dir='ltr'>reliquiae,</span> <span class='ocrx_word' id='word_1_157' title='bbox 791 1605 1057 1654; x_wconf 86' lang='lat' dir='ltr'>quamquam</span> <span class='ocrx_word' id='word_1_158' title='bbox 1077 1589 1230 1651; x_wconf 85' lang='lat' dir='ltr'>primis</span> <span class='ocrx_word' id='word_1_159' title='bbox 1250 1586 1402 1633; x_wconf 79' lang='lat' dir='ltr'>seculis</span> <span class='ocrx_word' id='word_1_160' title='bbox 1421 1583 1588 1632; x_wconf 65' lang='lat' dir='ltr'>factum</span> 
     </span>
     <span class='ocr_line' id='line_1_22' title="bbox 189 1650 1589 1721; baseline -0.003 -19"><span class='ocrx_word' id='word_1_161' title='bbox 189 1671 284 1702; x_wconf 88' lang='lat' dir='ltr'>non</span> <span class='ocrx_word' id='word_1_162' title='bbox 314 1653 396 1710; x_wconf 87' lang='lat' dir='ltr'>est,</span> <span class='ocrx_word' id='word_1_163' title='bbox 433 1655 575 1702; x_wconf 86' lang='lat' dir='ltr'>illatae</span> <span class='ocrx_word' id='word_1_164' title='bbox 605 1658 649 1701; x_wconf 89' lang='lat' dir='ltr'>in</span> <span class='ocrx_word' id='word_1_165' title='bbox 673 1655 1028 1721; x_wconf 73' lang='lat' dir='ltr'>pastophorium,</span> <span class='ocrx_word' id='word_1_166' title='bbox 1067 1665 1116 1702; x_wconf 85' lang='lat' dir='ltr'>vt</span> <span class='ocrx_word' id='word_1_167' title='bbox 1135 1664 1268 1702; x_wconf 86' lang='lat' dir='ltr'>vocat</span> <span class='ocrx_word' id='word_1_168' title='bbox 1297 1650 1452 1700; x_wconf 68' lang='lat' dir='ltr'>austor</span> <span class='ocrx_word' id='word_1_169' title='bbox 1473 1656 1589 1699; x_wconf 86' lang='lat' dir='ltr'>Con·</span> 
     </span>
     <span class='ocr_line' id='line_1_23' title="bbox 190 1720 1630 1787; baseline -0.002 -18"><span class='ocrx_word' id='word_1_170' title='bbox 190 1721 474 1769; x_wconf 88' lang='lat' dir='ltr'>stitutionum</span> <span class='ocrx_word' id='word_1_171' title='bbox 497 1720 647 1787; x_wconf 87' lang='lat' dir='ltr'>Apost.</span> <span class='ocrx_word' id='word_1_172' title='bbox 671 1727 785 1780; x_wconf 84' lang='lat' dir='ltr'>v111,</span> <span class='ocrx_word' id='word_1_173' title='bbox 808 1740 879 1781; x_wconf 85' lang='lat'>13.</span> <span class='ocrx_word' id='word_1_174' title='bbox 899 1733 974 1769; x_wconf 81' lang='lat' dir='ltr'>aut</span> <span class='ocrx_word' id='word_1_175' title='bbox 992 1725 1287 1779; x_wconf 82' lang='lat' dir='ltr'>Secretarium,</span> <span class='ocrx_word' id='word_1_176' title='bbox 1318 1720 1444 1778; x_wconf 82' lang='lat' dir='ltr'>(Ord.</span> <span class='ocrx_word' id='word_1_177' title='bbox 1457 1724 1588 1768; x_wconf 88' lang='lat' dir='ltr'>Rom.</span> <span class='ocrx_word' id='word_1_178' title='bbox 1628 1744 1630 1749; x_wconf 95' lang='lat'>·</span> 
     </span>
     <span class='ocr_line' id='line_1_24' title="bbox 191 1783 1588 1855; baseline -0.003 -17"><span class='ocrx_word' id='word_1_179' title='bbox 191 1793 230 1845; x_wconf 90' lang='lat' dir='ltr'>I,</span> <span class='ocrx_word' id='word_1_180' title='bbox 250 1808 291 1854; x_wconf 88' lang='lat' dir='ltr'>p.</span> <span class='ocrx_word' id='word_1_181' title='bbox 316 1799 357 1843; x_wconf 89' lang='lat'>8.</span> <span class='ocrx_word' id='word_1_182' title='bbox 389 1793 447 1846; x_wconf 86' lang='lat'>11,</span> <span class='ocrx_word' id='word_1_183' title='bbox 465 1807 508 1855; x_wconf 90' lang='lat' dir='ltr'>p.</span> <span class='ocrx_word' id='word_1_184' title='bbox 535 1793 637 1851; x_wconf 84' lang='lat'>23.)</span> <span class='ocrx_word' id='word_1_185' title='bbox 674 1788 761 1838; x_wconf 85' lang='lat' dir='ltr'>siue</span> <span class='ocrx_word' id='word_1_186' title='bbox 788 1809 878 1854; x_wconf 91' lang='lat' dir='ltr'>quo</span> <span class='ocrx_word' id='word_1_187' title='bbox 908 1791 994 1837; x_wconf 85' lang='lat' dir='ltr'>alio</span> <span class='ocrx_word' id='word_1_188' title='bbox 1026 1790 1206 1835; x_wconf 86' lang='lat' dir='ltr'>nomine</span> <span class='ocrx_word' id='word_1_189' title='bbox 1237 1788 1482 1853; x_wconf 80' lang='lat' dir='ltr'>appellatus</span> <span class='ocrx_word' id='word_1_190' title='bbox 1510 1783 1588 1834; x_wconf 86' lang='lat' dir='ltr'>iste</span> 
     </span>
     <span class='ocr_line' id='line_1_25' title="bbox 191 1855 1588 1922; baseline -0.004 -17"><span class='ocrx_word' id='word_1_191' title='bbox 191 1855 320 1905; x_wconf 86' lang='lat' dir='ltr'>locus</span> <span class='ocrx_word' id='word_1_192' title='bbox 338 1857 443 1912; x_wconf 82' lang='lat' dir='ltr'>fuit,</span> <span class='ocrx_word' id='word_1_193' title='bbox 478 1856 564 1904; x_wconf 83' lang='lat' dir='ltr'>siue</span> <span class='ocrx_word' id='word_1_194' title='bbox 585 1860 628 1904; x_wconf 90' lang='lat' dir='ltr'>in</span> <span class='ocrx_word' id='word_1_195' title='bbox 649 1859 742 1922; x_wconf 87' lang='lat' dir='ltr'>ipso</span> <span class='ocrx_word' id='word_1_196' title='bbox 763 1859 882 1905; x_wconf 86' lang='lat' dir='ltr'>altari</span> <span class='ocrx_word' id='word_1_197' title='bbox 902 1855 1119 1921; x_wconf 79' lang='lat' dir='ltr'>repositae</span> <span class='ocrx_word' id='word_1_198' title='bbox 1140 1866 1186 1903; x_wconf 90' lang='lat' dir='ltr'>et</span> <span class='ocrx_word' id='word_1_199' title='bbox 1204 1856 1455 1902; x_wconf 83' lang='lat' dir='ltr'>adseruatae</span> <span class='ocrx_word' id='word_1_200' title='bbox 1475 1855 1588 1908; x_wconf 85' lang='lat' dir='ltr'>sunt,</span> 
     </span>
     <span class='ocr_line' id='line_1_26' title="bbox 192 1919 1590 1989; baseline -0.003 -17"><span class='ocrx_word' id='word_1_201' title='bbox 192 1924 239 1972; x_wconf 84' lang='lat' dir='ltr'>id</span> <span class='ocrx_word' id='word_1_202' title='bbox 267 1924 410 1988; x_wconf 85' lang='lat' dir='ltr'>ipsum</span> <span class='ocrx_word' id='word_1_203' title='bbox 438 1942 620 1989; x_wconf 86' lang='lat' dir='ltr'>quoque</span> <span class='ocrx_word' id='word_1_204' title='bbox 649 1927 712 1973; x_wconf 90' lang='lat' dir='ltr'>nil</span> <span class='ocrx_word' id='word_1_205' title='bbox 746 1927 986 1974; x_wconf 82' lang='lat' dir='ltr'>Muratorii</span> <span class='ocrx_word' id='word_1_206' title='bbox 1010 1923 1174 1972; x_wconf 71' lang='lat' dir='ltr'>caussae</span> <span class='ocrx_word' id='word_1_207' title='bbox 1204 1919 1390 1988; x_wconf 88' lang='lat' dir='ltr'>prodest.</span> <span class='ocrx_word' id='word_1_208' title='bbox 1466 1924 1590 1969; x_wconf 88' lang='lat' dir='ltr'>Nam</span> 
     </span>
     <span class='ocr_line' id='line_1_27' title="bbox 193 1985 1590 2056; baseline -0.001 -17"><span class='ocrx_word' id='word_1_209' title='bbox 193 2002 349 2039; x_wconf 87' lang='lat' dir='ltr'>totum</span> <span class='ocrx_word' id='word_1_210' title='bbox 368 1993 459 2039; x_wconf 86' lang='lat' dir='ltr'>hoc</span> <span class='ocrx_word' id='word_1_211' title='bbox 479 1996 696 2056; x_wconf 83' lang='lat' dir='ltr'>pertinet,</span> <span class='ocrx_word' id='word_1_212' title='bbox 733 2010 827 2041; x_wconf 89' lang='lat' dir='ltr'>non</span> <span class='ocrx_word' id='word_1_213' title='bbox 858 1993 909 2040; x_wconf 91' lang='lat' dir='ltr'>ad</span> <span class='ocrx_word' id='word_1_214' title='bbox 934 2009 1031 2040; x_wconf 88' lang='lat' dir='ltr'>eam</span> <span class='ocrx_word' id='word_1_215' title='bbox 1060 1991 1302 2038; x_wconf 84' lang='lat' dir='ltr'>consecrati</span> <span class='ocrx_word' id='word_1_216' title='bbox 1331 1991 1457 2054; x_wconf 85' lang='lat' dir='ltr'>panis</span> <span class='ocrx_word' id='word_1_217' title='bbox 1489 1985 1590 2054; x_wconf 89' lang='lat' dir='ltr'>post</span> 
     </span>
     <span class='ocr_line' id='line_1_28' title="bbox 195 2056 1591 2122; baseline -0.002 -16"><span class='ocrx_word' id='word_1_218' title='bbox 195 2058 544 2107; x_wconf 86' lang='lat' dir='ltr'>Eucharisticum</span> <span class='ocrx_word' id='word_1_219' title='bbox 566 2061 732 2108; x_wconf 85' lang='lat' dir='ltr'>sacrum</span> <span class='ocrx_word' id='word_1_220' title='bbox 751 2062 1104 2113; x_wconf 78' lang='lat' dir='ltr'>venerationem,</span> <span class='ocrx_word' id='word_1_221' title='bbox 1145 2073 1279 2122; x_wconf 82' lang='lat' dir='ltr'>quam</span> <span class='ocrx_word' id='word_1_222' title='bbox 1307 2056 1446 2105; x_wconf 88' lang='lat' dir='ltr'>hodie</span> <span class='ocrx_word' id='word_1_223' title='bbox 1473 2056 1591 2104; x_wconf 83' lang='lat' dir='ltr'>vsur·</span> 
     </span>
     <span class='ocr_line' id='line_1_29' title="bbox 194 2127 1591 2193; baseline -0.003 -19"><span class='ocrx_word' id='word_1_224' title='bbox 194 2139 275 2193; x_wconf 88' lang='lat' dir='ltr'>pat</span> <span class='ocrx_word' id='word_1_225' title='bbox 305 2127 492 2174; x_wconf 82' lang='lat' dir='ltr'>Ecclesia</span> <span class='ocrx_word' id='word_1_226' title='bbox 519 2131 739 2185; x_wconf 81' lang='lat' dir='ltr'>Romana,</span> <span class='ocrx_word' id='word_1_227' title='bbox 790 2127 863 2175; x_wconf 89' lang='lat' dir='ltr'>sed</span> <span class='ocrx_word' id='word_1_228' title='bbox 887 2128 941 2174; x_wconf 89' lang='lat' dir='ltr'>ad</span> <span class='ocrx_word' id='word_1_229' title='bbox 967 2128 1267 2175; x_wconf 83' lang='lat' dir='ltr'>reuerentiam</span> <span class='ocrx_word' id='word_1_230' title='bbox 1297 2141 1423 2191; x_wconf 82' lang='lat' dir='ltr'>eam,</span> <span class='ocrx_word' id='word_1_231' title='bbox 1457 2139 1591 2187; x_wconf 84' lang='lat' dir='ltr'>quam</span> 
     </span>
     <span class='ocr_line' id='line_1_30' title="bbox 193 2189 1588 2259; baseline -0.003 -17"><span class='ocrx_word' id='word_1_232' title='bbox 193 2195 324 2259; x_wconf 86' lang='lat' dir='ltr'>supra</span> <span class='ocrx_word' id='word_1_233' title='bbox 343 2194 643 2259; x_wconf 85' lang='lat' dir='ltr'>descripsimus</span> <span class='ocrx_word' id='word_1_234' title='bbox 657 2233 667 2252; x_wconf 93' lang='lat'><strong><em>‚</em></strong></span> <span class='ocrx_word' id='word_1_235' title='bbox 707 2206 755 2243; x_wconf 87' lang='lat' dir='ltr'>et</span> <span class='ocrx_word' id='word_1_236' title='bbox 784 2194 836 2241; x_wconf 88' lang='lat' dir='ltr'>ad</span> <span class='ocrx_word' id='word_1_237' title='bbox 858 2197 979 2243; x_wconf 84' lang='lat' dir='ltr'>vsum</span> <span class='ocrx_word' id='word_1_238' title='bbox 1001 2196 1043 2240; x_wconf 90' lang='lat' dir='ltr'>in</span> <span class='ocrx_word' id='word_1_239' title='bbox 1065 2198 1271 2257; x_wconf 83' lang='lat' dir='ltr'>proximo</span> <span class='ocrx_word' id='word_1_240' title='bbox 1289 2189 1588 2240; x_wconf 80' lang='lat' dir='ltr'>Eucharistico</span> 
     </span>
     <span class='ocr_line' id='line_1_31' title="bbox 195 2256 1591 2325; baseline -0.004 -15"><span class='ocrx_word' id='word_1_241' title='bbox 195 2263 330 2311; x_wconf 86' lang='lat' dir='ltr'>sacro.</span> <span class='ocrx_word' id='word_1_242' title='bbox 404 2263 452 2310; x_wconf 89' lang='lat' dir='ltr'>Id</span> <span class='ocrx_word' id='word_1_243' title='bbox 479 2264 646 2311; x_wconf 85' lang='lat' dir='ltr'>clarum</span> <span class='ocrx_word' id='word_1_244' title='bbox 671 2262 732 2310; x_wconf 86' lang='lat' dir='ltr'>est</span> <span class='ocrx_word' id='word_1_245' title='bbox 759 2280 785 2309; x_wconf 85' lang='lat' dir='ltr'>e</span> <span class='ocrx_word' id='word_1_246' title='bbox 812 2264 912 2310; x_wconf 90' lang='lat' dir='ltr'>loco</span> <span class='ocrx_word' id='word_1_247' title='bbox 933 2265 1155 2308; x_wconf 78' lang='lat' dir='ltr'>Humberti</span> <span class='ocrx_word' id='word_1_248' title='bbox 1174 2260 1301 2325; x_wconf 88' lang='lat' dir='ltr'>supra</span> <span class='ocrx_word' id='word_1_249' title='bbox 1318 2256 1591 2307; x_wconf 70' lang='lat' dir='ltr'>commemo·</span> 
     </span>
     <span class='ocr_line' id='line_1_32' title="bbox 194 2326 1591 2394; baseline -0.003 -17"><span class='ocrx_word' id='word_1_250' title='bbox 194 2340 291 2377; x_wconf 88' lang='lat' dir='ltr'>rato</span> <span class='ocrx_word' id='word_1_251' title='bbox 313 2347 338 2376; x_wconf 90' lang='lat' dir='ltr'>a</span> <span class='ocrx_word' id='word_1_252' title='bbox 359 2333 638 2380; x_wconf 63' lang='lat' dir='ltr'>lffitratorio:</span> <span class='ocrx_word' id='word_1_253' title='bbox 665 2334 712 2378; x_wconf 87' lang='lat' dir='ltr'>Si</span> <span class='ocrx_word' id='word_1_254' title='bbox 729 2334 828 2394; x_wconf 84' lang='lat' dir='ltr'>quid</span> <span class='ocrx_word' id='word_1_255' title='bbox 844 2331 1022 2393; x_wconf 59' lang='lat' dir='ltr'>esanss&#39;a</span> <span class='ocrx_word' id='word_1_256' title='bbox 1035 2339 1082 2377; x_wconf 63' lang='lat' dir='ltr'>eb</span> <span class='ocrx_word' id='word_1_257' title='bbox 1096 2328 1318 2377; x_wconf 82' lang='lat' dir='ltr'>venerabili</span> <span class='ocrx_word' id='word_1_258' title='bbox 1325 2326 1591 2390; x_wconf 72' lang='lat' dir='ltr'>Eucharssia</span> 
     </span>
    </p>

    <p class='ocr_par' dir='ltr' id='par_1_6' title="bbox 138 2394 1593 2733">
     <span class='ocr_line' id='line_1_33' title="bbox 138 2394 1592 2463; baseline -0.003 -19"><span class='ocrx_word' id='word_1_259' title='bbox 138 2428 142 2429; x_wconf 31' lang='grc' dir='ltr'><em>ν</em></span> <span class='ocrx_word' id='word_1_260' title='bbox 186 2399 454 2461; x_wconf 66' lang='lat' dir='ltr'>staperfuerit</span> <span class='ocrx_word' id='word_1_261' title='bbox 480 2427 496 2435; x_wconf 86' lang='lat'>-</span> <span class='ocrx_word' id='word_1_262' title='bbox 529 2426 546 2433; x_wconf 93' lang='lat'>-</span> <span class='ocrx_word' id='word_1_263' title='bbox 579 2404 622 2446; x_wconf 81' lang='lat' dir='ltr'>in</span> <span class='ocrx_word' id='word_1_264' title='bbox 634 2402 831 2463; x_wconf 79' lang='lat' dir='ltr'>pyxidem</span> <span class='ocrx_word' id='word_1_265' title='bbox 851 2402 1038 2444; x_wconf 78' lang='lat' dir='ltr'>mundam</span> <span class='ocrx_word' id='word_1_266' title='bbox 1064 2399 1310 2449; x_wconf 81' lang='lat' dir='ltr'>recondunt,</span> <span class='ocrx_word' id='word_1_267' title='bbox 1346 2402 1388 2441; x_wconf 80' lang='lat' dir='ltr'>et</span> <span class='ocrx_word' id='word_1_268' title='bbox 1399 2394 1592 2458; x_wconf 78' lang='lat' dir='ltr'>sequenti</span> 
     </span>
     <span class='ocr_line' id='line_1_34' title="bbox 196 2460 1592 2527; baseline -0.003 -16"><span class='ocrx_word' id='word_1_269' title='bbox 196 2469 261 2511; x_wconf 83' lang='lat' dir='ltr'>dic</span> <span class='ocrx_word' id='word_1_270' title='bbox 279 2469 571 2513; x_wconf 79' lang='lat' dir='ltr'>communicant</span> <span class='ocrx_word' id='word_1_271' title='bbox 589 2483 640 2514; x_wconf 87' lang='lat' dir='ltr'>ex</span> <span class='ocrx_word' id='word_1_272' title='bbox 661 2485 707 2513; x_wconf 83' lang='lat' dir='ltr'>ea</span> <span class='ocrx_word' id='word_1_273' title='bbox 723 2467 933 2527; x_wconf 81' lang='lat' dir='ltr'>populum.</span> <span class='ocrx_word' id='word_1_274' title='bbox 1011 2466 1093 2511; x_wconf 89' lang='lat' dir='ltr'>Cui</span> <span class='ocrx_word' id='word_1_275' title='bbox 1122 2481 1205 2510; x_wconf 84' lang='lat' dir='ltr'>nos</span> <span class='ocrx_word' id='word_1_276' title='bbox 1227 2460 1437 2509; x_wconf 78' lang='lat' dir='ltr'>addemus</span> <span class='ocrx_word' id='word_1_277' title='bbox 1456 2461 1592 2507; x_wconf 86' lang='lat' dir='ltr'>alium</span> 
     </span>
     <span class='ocr_line' id='line_1_35' title="bbox 197 2528 1591 2597; baseline -0.002 -21"><span class='ocrx_word' id='word_1_278' title='bbox 197 2547 250 2577; x_wconf 86' lang='lat' dir='ltr'>ex</span> <span class='ocrx_word' id='word_1_279' title='bbox 272 2531 441 2578; x_wconf 85' lang='lat' dir='ltr'>Ordine</span> <span class='ocrx_word' id='word_1_280' title='bbox 462 2537 590 2579; x_wconf 86' lang='lat' dir='ltr'>Rom.</span> <span class='ocrx_word' id='word_1_281' title='bbox 611 2537 664 2588; x_wconf 88' lang='lat'>11,</span> <span class='ocrx_word' id='word_1_282' title='bbox 690 2551 730 2579; x_wconf 89' lang='lat' dir='ltr'>n.</span> <span class='ocrx_word' id='word_1_283' title='bbox 754 2549 826 2593; x_wconf 82' lang='lat'>35.</span> <span class='ocrx_word' id='word_1_284' title='bbox 845 2550 888 2597; x_wconf 91' lang='lat' dir='ltr'>p.</span> <span class='ocrx_word' id='word_1_285' title='bbox 911 2546 986 2586; x_wconf 87' lang='lat'>23.</span> <span class='ocrx_word' id='word_1_286' title='bbox 1028 2530 1104 2578; x_wconf 81' lang='lat' dir='ltr'>vbi</span> <span class='ocrx_word' id='word_1_287' title='bbox 1134 2528 1395 2577; x_wconf 80' lang='lat' dir='ltr'>describitur</span> <span class='ocrx_word' id='word_1_288' title='bbox 1412 2543 1591 2591; x_wconf 88' lang='lat' dir='ltr'>praepa-</span> 
     </span>
     <span class='ocr_line' id='line_1_36' title="bbox 195 2596 1593 2662; baseline -0.004 -17"><span class='ocrx_word' id='word_1_289' title='bbox 195 2600 310 2645; x_wconf 90' lang='lat' dir='ltr'>ratio</span> <span class='ocrx_word' id='word_1_290' title='bbox 335 2599 626 2646; x_wconf 86' lang='lat' dir='ltr'>Eucharistiae</span> <span class='ocrx_word' id='word_1_291' title='bbox 646 2603 690 2646; x_wconf 90' lang='lat' dir='ltr'>in</span> <span class='ocrx_word' id='word_1_292' title='bbox 715 2597 841 2648; x_wconf 85' lang='lat' dir='ltr'>Missa</span> <span class='ocrx_word' id='word_1_293' title='bbox 861 2596 1126 2646; x_wconf 83' lang='lat' dir='ltr'>Pontificali:</span> <span class='ocrx_word' id='word_1_294' title='bbox 1162 2597 1415 2662; x_wconf 59' lang='lat' dir='ltr'>Presbyteri</span> <span class='ocrx_word' id='word_1_295' title='bbox 1431 2597 1512 2641; x_wconf 82' lang='lat' dir='ltr'>duo</span> <span class='ocrx_word' id='word_1_296' title='bbox 1540 2623 1552 2632; x_wconf 93' lang='lat'><em>-</em></span> <span class='ocrx_word' id='word_1_297' title='bbox 1575 2621 1593 2631; x_wconf 86' lang='lat'><strong>·</strong></span> 
     </span>
     <span class='ocr_line' id='line_1_37' title="bbox 194 2664 1593 2733; baseline -0.003 -19"><span class='ocrx_word' id='word_1_298' title='bbox 194 2668 360 2714; x_wconf 69' lang='lat' dir='ltr'>intrant</span> <span class='ocrx_word' id='word_1_299' title='bbox 379 2668 651 2715; x_wconf 78' lang='lat' dir='ltr'>Secretarz&#39;um</span> <span class='ocrx_word' id='word_1_300' title='bbox 686 2669 755 2716; x_wconf 85' lang='lat' dir='ltr'>vel</span> <span class='ocrx_word' id='word_1_301' title='bbox 772 2671 840 2715; x_wconf 83' lang='lat' dir='ltr'>vbi</span> <span class='ocrx_word' id='word_1_302' title='bbox 867 2668 1046 2733; x_wconf 69' lang='lat' dir='ltr'>pqfitum</span> <span class='ocrx_word' id='word_1_303' title='bbox 1066 2665 1224 2729; x_wconf 80' lang='lat' dir='ltr'>fuerat</span> <span class='ocrx_word' id='word_1_304' title='bbox 1239 2678 1388 2726; x_wconf 83' lang='lat' dir='ltr'>corpus</span> <span class='ocrx_word' id='word_1_305' title='bbox 1406 2664 1593 2717; x_wconf 80' lang='lat' dir='ltr'>Domini,</span> 
     </span>
    </p>

    <p class='ocr_par' dir='ltr' id='par_1_7' title="bbox 1482 2734 1596 2795">
     <span class='ocr_line' id='line_1_38' title="bbox 1482 2734 1596 2795; baseline 0.018 -19"><span class='ocrx_word' id='word_1_306' title='bbox 1482 2734 1596 2795; x_wconf 77' lang='lat' dir='ltr'>quod</span> 
     </span>
    </p>
   </div>
  </div>
 </body>
</html>
