1682 3068
96 219 455 260 connexim.
483 220 763 256 natumst-r.
792 224 861 255 rr
887 218 1035 255 nobo
1074 220 1323 255 vmvzns
1361 219 1463 270 517

0 365 1 369 =
57 343 104 380 et
132 328 290 380 latinae
307 325 565 396 scriptores,
581 331 768 396 'quoties
792 328 1070 378 Dialefflcam
1100 327 1292 383 laudant,
1309 332 1458 395 fipem

58 402 308 465 ssmtogiae
323 400 610 464 appellantes.
677 401 807 453 Quae
826 401 866 445 ei
887 399 980 446 laus
1000 397 1219 464 profesto,
1249 401 1457 446 omnium

55 467 375 530 disciplinarum
391 468 590 518 nomine,
608 465 798 513 debetur
815 469 945 513 etiam
965 467 1049 514 hac
1068 465 1125 513 de
1143 464 1299 524 mussa,
1328 466 1455 527 quod

52 536 263 585 notiones
291 551 439 581 rerum
469 551 496 581 e
522 531 659 588 distis,
693 532 831 588 fastis,
865 534 997 581 rebus
1026 534 1279 598 quibuque
1320 547 1453 581 acuto
1490 588 1492 591 v

52 601 252 666 etplene
271 602 495 663 colligere,
529 614 577 649 et
597 600 862 657 definiendo,
891 600 1289 667 distribuendoque
1309 618 1358 647 ac
1388 601 1453 649 di-

36 664 330 730 stinguendo,
356 669 731 725 circumsctibere,
759 683 805 718 et
831 670 1204 735 circumscripta,
1238 671 1450 716 exercita·

46 737 174 784 tione
201 735 378 791 assidua,
410 735 501 784 sine
530 736 792 786 confufione
820 754 924 784 cum
953 739 1067 793 aliis,
1107 749 1279 794 tenere,
1311 748 1359 783 et
1389 736 1448 791 ad

43 821 271 869 quamque
301 803 643 871 disputationem
674 805 1011 853 accommodare
1041 804 1198 861 docet,
1230 821 1314 852 nec
1341 803 1445 853 finit

0 889 3 898 ·
42 889 116 919 res
132 872 338 929 diuersas,
357 875 561 937 quamuis
578 876 837 921 communia
861 884 907 920 et
927 872 1132 934 ambigua
1153 875 1337 920 nomina
1363 875 1441 920 ha-

0 960 2 964 *
41 938 211 996 bentes,
241 941 504 1004 permisceri.
574 946 694 988 Nam
727 958 819 989 non
857 941 1113 998 vniuersum
1138 938 1275 987 modo
1304 942 1440 989 alicu·

37 1006 107 1054 ius
128 1006 244 1054 vrbis
261 1010 537 1056 territorium
555 1008 691 1056 habet
707 1010 806 1056 suos
826 1011 1059 1065 terminos,
1091 1007 1257 1073 quibus
1285 1026 1308 1054 a
1335 1010 1448 1055 vici·⁴

4 1101 17 1113 ι
38 1076 109 1121 nis
136 1077 369 1123 territoriis
396 1075 696 1136 distinguitur,
752 1077 825 1124 sed
859 1079 991 1125 etiam
1023 1079 1115 1138 agri
1145 1074 1436 1136 singulorum,

35 1152 165 1206 prata
193 1154 330 1208 atque
358 1144 494 1201 horti,
529 1143 697 1192 habent
728 1144 831 1192 suos
861 1145 1037 1201 limites,
1072 1147 1282 1192 macerias
1300 1154 1437 1209 atque

35 1209 176 1273 sepes,
206 1209 369 1274 quibus
396 1214 706 1278 cuiuscunque
731 1210 936 1276 posseffio
965 1212 1355 1268 circumscribitur,
1384 1222 1434 1264 et

33 1288 216 1325 cauetur
233 1281 401 1327 iniuria.

135 1345 348 1401 Alterum,
378 1363 463 1393 nec
482 1348 624 1395 multo
642 1348 791 1395 minus
803 1349 967 1395 vitium
986 1348 1105 1396 illius
1124 1349 1311 1396 rationis
1334 1364 1435 1395 cer·

33 1411 158 1458 nitur
174 1414 222 1458 in
239 1413 400 1461 iudicio
416 1426 463 1461 et
481 1414 655 1463 delestu
665 1427 1044 1476 argumentorum,
1056 1416 1217 1482 quibus
1236 1417 1282 1462 in
1295 1433 1430 1479 quae·

31 1478 246 1528 ssionibus
272 1483 555 1543 theologicis,
587 1483 658 1529 vel
687 1481 887 1530 firmatur
914 1486 1087 1540 veritas,
1121 1484 1189 1530 vel
1217 1499 1343 1533 error
1361 1500 1431 1529 re·

30 1549 233 1596 vincitur.
301 1551 436 1602 Nam,
470 1562 517 1597 vt
543 1550 655 1597 nihil
685 1550 827 1597 dicam
859 1550 916 1597 de
932 1550 1256 1598 recentioribus
1276 1551 1432 1599 Theo-

28 1616 156 1676 logis,
189 1617 269 1679 qui
287 1615 494 1681 profesto
511 1634 604 1665 non
626 1617 799 1681 semper
819 1621 1000 1682 optimis
1021 1630 1068 1666 et
1086 1619 1187 1667 satis
1208 1622 1343 1666 certis
1363 1636 1432 1666 ar-

28 1686 253 1742 gumentis
270 1695 468 1740 vtuntur‚
500 1687 660 1732 veteris
679 1683 896 1733 Ecclesiae
912 1684 1131 1744 doaores,
1160 1703 1357 1752 quorum
1377 1690 1426 1734 in

25 1749 196 1815 scriptis
220 1767 293 1798 eas
321 1751 595 1815 quaestiones
624 1749 822 1800 traEims
850 1757 1111 1818 reperimus,
1145 1771 1246 1801 cum
1277 1773 1303 1801 e
1322 1755 1427 1802 Phi-

24 1816 312 1883 losophorum
330 1820 503 1876 scholis,
532 1820 604 1868 vel
633 1837 660 1867 e
678 1820 928 1868 Rhetorum
958 1832 1005 1868 et
1021 1824 1263 1869 Oratorum
1286 1820 1426 1869 offici-

23 1885 897 2019 Rssrz'ffifflffifflfflssssissqffi
910 1888 1246 2003 sfflssrffssffiss?
1254 1889 1421 2003 ‘3353'ssss

20 2022 159 2076 mv).
228 2020 292 2065 Ea
320 2020 462 2084 qualis
491 2020 637 2077 fuerit,
670 2018 702 2067 fi
737 2038 833 2068 non
861 2039 914 2067 ex
941 2022 1039 2086 ipsis
1069 2041 1228 2070 eorum
1250 2025 1419 2088 scriptis

19 2085 377 2147 intelligeremus,
408 2089 553 2136 Cicero
574 2088 775 2144 doceret,
807 2091 886 2153 qui
901 2090 1276 2155 Philosophorum
1295 2093 1419 2138 hunc

18 2167 197 2200 morem
220 2152 311 2200 effe
343 2153 470 2210 dicit,
503 2156 591 2215 (230
611 2174 642 2203 c.
668 2157 717 2209 V,
744 2160 808 2218 7.)
844 2168 910 2214 vt,
956 2174 1286 2223 quamcumque
1318 2174 1417 2206 rem

19 2218 213 2268 habeant
239 2222 287 2270 iu
315 2221 527 2281 manibuS,
558 2226 606 2272 in
627 2239 739 2278 eam,
770 2240 885 2288 quae
912 2230 1213 2282 conueniunt,
1249 2243 1417 2287 conge-

61 2295 66 2299 '
218 2299 222 2301 “
656 2291 740 2338 Kk
768 2306 797 2354 3
1311 2302 1415 2342 rane

44 2363 122 2435 ’,η’
139 2372 316 2420 nullam.-
336 2389 493 2430 qnoque
521 2377 584 2425 (cle
603 2377 795 2433 VsuffPP.)
822 2380 912 2420 hinc
944 2378 1050 2420 ducit
1071 2379 1234 2422 cauffam
1253 2379 1419 2422 obscuri.

125 2430 226 2481 tatis,
251 2442 293 2471 et
309 2433 570 2488 ambiguitatis
596 2435 638 2474 in
658 2431 935 2488 cognoscendis
954 2449 998 2475 ac
1017 2437 1229 2478 iudicandis
1247 2440 1313 2478 ΡΡ.
1331 2437 1416 2478 sen.

22 2488 62 2520 ‘·a
100 2512 106 2519 ,
124 2485 258 2526 tentiis
271 2498 314 2527 et
333 2491 591 2543 argumentis:
621 2489 687 2530 sed
708 2492 938 2530 eumlocum
957 2491 1169 2533 admodum
1186 2495 1324 2534 ieiune
1341 2506 1434 2534 tra—‘²

39 2565 46 2584 r
122 2541 210 2591 flat,
236 2555 314 2583 nee
330 2545 451 2586 modo
469 2545 520 2586 de
546 2545 759 2587 Rhetoricis
779 2546 939 2596 artibus,
968 2561 1061 2599 quas
1081 2550 1194 2601 ponit
1242 2564 1336 2604 rope
1356 2562 1415 2589 to·

40 2644 45 2653 χ
121 2607 180 2637 tas
205 2599 250 2638 in
286 2602 445 2655 tropicis
470 2611 512 2641 et
539 2601 801 2655 hyperbolicis
830 2602 1017 2655 loquendi
1040 2604 1178 2651 modis,
1205 2564 1269 2646 ἃᾶ
1291 2608 1415 2646 multo

59 2653 247 2720 *tnagis
272 2653 325 2694 de
341 2658 577 2708 Dialefflcis‚
606 2659 664 2710 (p.
687 2659 784 2711 146)
815 2671 908 2710 quas
930 2672 1069 2700 omnes
1089 2655 1242 2701 videtur
1259 2675 1416 2713 ponere

73 2746 79 2755 ,
122 2720 167 2747 m
182 2709 301 2749 nimia
323 2716 582 2755 contentione
607 2714 801 2761 vincendi,
827 2727 899 2764 per
915 2728 1029 2767 quam
1049 2716 1087 2755 in
1108 2719 1342 2758 contrarium
1362 2718 1413 2764 ei,

53 2763 90 2787 '²'
127 2774 244 2813 ‘luem
267 2778 518 2825 oppugnent,
544 2783 721 2812 errorem
745 2768 916 2812 incidant
946 2769 1238 2825 saepenumero.
