1682 3068
170 177 264 233 278
467 185 751 219 vnemeun
799 179 1044 220 anm-'ruit
1081 179 1271 221 mvnvs

174 291 311 340 modo
331 309 462 354 agere
481 291 652 339 debeat.
756 297 862 349 Quo
885 297 1022 354 magis
1044 298 1201 351 etiam3
1242 303 1290 343 vt
1317 294 1406 344 hoc
1428 295 1571 344 obiter

173 360 397 417 addamu3‚
432 359 706 425 repudiandi,
737 371 783 407 e't
803 361 979 408 vltimae
998 361 1203 409 stultitiae
1220 362 1442 411 accusandi
1461 365 1572 419 sunt,

174 429 250 494 qui
279 429 348 475 vel
379 429 534 475 malint
563 446 643 493 per
674 425 892 481 afflonem
915 428 1108 476 diuinam
1135 428 1226 476 sine
1244 430 1404 485 verbo,
1451 431 1494 478 h.
1530 448 1571 480 e.

174 513 256 561 per
273 498 387 552 vim,
430 513 545 560 quae
572 497 757 560 proprie
774 495 952 551 dicitur,
995 497 1047 543 ad
1068 497 1200 543 fidem
1225 508 1272 544 et
1297 495 1571 545 'sanstitatem

175 564 301 619 duci,
341 562 430 610 fiue
449 565 600 629 potius
619 563 755 617 tra'hi3
820 564 888 610 vel
919 564 1316 625 illuminationem,
1361 564 1495 612 fidem
1526 574 1575 616 et

173 630 443 679 santiitatem
466 633 734 693 contingere
749 628 838 677 fine
856 629 994 678 verbo
1015 643 1201 695 putant,
1243 644 1290 678 et
1318 635 1482 679 incerta
1500 631 1575 697 spe

174 696 424 764 exspestare
443 698 610 747 iubent.
691 700 868 744 Etenim
890 710 1155 761 peruertunt
1177 711 1224 747 et
1243 702 1498 764 vituperant
1519 701 1576 746 fa·

175 766 388 833 pientiam
417 765 633 821 diuinam,
679 765 1009 830 repudiantque
1045 767 1265 815 summum
1296 767 1576 823 beneficium,

102 867 110 871 -
179 844 398 898 eruntque
422 835 468 881 in
489 834 563 880 illa
591 833 662 880 sua
680 831 1001 896 exspeElzatione
1022 831 1229 881 simillimi
1247 833 1407 881 rustico
1429 837 1576 880 Hora-

177 904 323 959 tiano,
357 903 541 965 quinon
562 917 638 954 eo,
672 917 807 963 quem
825 917 894 946 res
915 912 962 947 et
980 903 1094 948 ratio
1112 911 1158 948 et
1177 903 1273 949 vsus
1295 900 1578 958 demonstrat,

178 968 316 1018 modo
343 965 524 1016 tranfire
550 965 730 1015 flumen
759 965 987 1016 obiefiffim
1027 979 1195 1025 tentat,
1244 969 1317 1016 sed
1348 966 1579 1037 exspefiiat3

178 1036 286 1085 dum
302 1035 459 1091 defluit
484 1037 636 1082 amnis.

275 1121 354 1164 90.
403 1105 550 1164 Longi
575 1104 737 1149 fuimus
765 1104 811 1150 in
841 1101 928 1150 fide
957 1102 1011 1150 ad
1039 1103 1205 1151 arbitrii
1236 1101 1371 1150 diuini
1401 1102 1578 1150 laudem

180 1171 470 1228 eonferenda,
505 1169 536 1217 fi
557 1171 681 1232 longi
701 1169 790 1216 esse
806 1170 1030 1236 possumus
1058 1174 1102 1218 in
1126 1189 1177 1217 ea
1198 1189 1265 1228 re,
1307 1173 1427 1217 cuius
1459 1171 1581 1234 prae-

178 1237 331 1286 stantia
352 1239 473 1285 nulla
493 1238 786 1301 disputat-ione
806 1249 938 1302 atque
960 1236 1167 1285 oratione>
1186 1239 1401 1285 exhauriri
1422 1236 1580 1302 potest·-

178 1311 282 1354 Nos
306 1317 454 1353 autem
475 1306 594 1352 nulla
620 1307 667 1351 in
686 1321 734 1351 re
764 1304 973 1352 libentius
994 1307 1249 1367 indagamus
1274 1303 1452 1366 vestigia
1470 1305 1583 1351 diui-

181 1392 264 1423 nae
283 1374 495 1421 bonitatis
517 1382 563 1418 et
581 1373 812 1436 sapientiae
825 1409 836 1428 ,
881 1388 1016 1438 quam
1034 1376 1078 1420 in
1098 1372 1187 1419 fide
1214 1383 1261 1419 et
1280 1372 1398 1419 verbi
1420 1374 1504 1419 Dei
1521 1375 1584 1419 in-

183 1442 313 1499 dole;
347 1452 396 1488 et
423 1439 551 1487 nobis
580 1440 672 1486 hoo
701 1443 838 1502 magis
870 1439 1100 1488 necessaria
1131 1442 1213 1488 visa
1237 1438 1299 1486 est
1326 1439 1583 1501 diligentior

183 1509 316 1557 huius
338 1510 489 1572 eapitis
509 1506 733 1565 traaatio,
777 1508 901 1572 quod
931 1511 1115 1555 maxime
1138 1510 1387 1557 obnoxium·
1404 1505 1466 1554 est
1484 1523 1583 1554 con-

184 1577 372 1642 ruptelis
393 1576 623 1639 humanis,
657 1584 702 1620 e't
722 1576 947 1638 religionis
968 1576 1190 1622 reuelatae
1206 1575 1407 1622 aduersus
1433 1577 1584 1621 Ὶῖηᾱα-

185 1647 282 1693 lium
313 1642 562 1691 defensores
581 1641 627 1688 id
647 1643 783 1706 plane
797 1643 1205 1706 praetermiserunt,
1243 1641 1314 1687 vel
1344 1658 1501 1707 parum
1521 1640 1585 1687 di·-

186 1729 277 1773 gne
308 1722 353 1758 et
373 1712 624 1774 Scripturae
645 1711 1034 1756 &conuenienter
1059 1707 1314 1756 trastauere.
1413 1710 1512 1757 Sed
1530 1706 1585 1756 fit

183 1790 334 1826 tamen
350 1776 512 1825 modus
532 1778 608 1833 rei,
627 1779 947 1840 veniamusque
967 1776 1019 1823 ad
1044 1788 1186 1825 cetera
1206 1774 1424 1824 institutae
1445 1776 1586 1841 dispu-

185 1847 381 1894 tationis.
447 1848 497 1891 In
516 1840 676 1908 quib'us
697 1842 957 1908 aptissimum
978 1844 1122 1899 fuerit,
1144 1847 1284 1907 prima
1307 1854 1585 1891 commemo·-

143 422 169 444 θ

186 1931 285 1963 rare
305 1913 507 1977 Instituta
537 1912 763 1966 religionis
791 1929 862 1968 ea,
902 1914 1082 1976 quaein
1113 1913 1271 1960 scholis
1301 1914 1587 1959 Sacramenta·
1668 1908 1678 1911 ⁴

187 1999 280 2031 rum
299 1982 486 2028 nomine
503 1979 792 2044 appellantur.
864 1978 1049 2026 Habent
1075 1981 1192 2027 enim
1224 1977 1588 2028 coniunfflonem

190 2067 296 2098 cum
316 2047 456 2096 verbo
477 2045 630 2094 diuino
648 2056 829 2104 tantam,
851 2056 899 2093 vt
910 2048 1039 2094 etiam
1060 2064 1202 2108 genus
1223 2045 1445 2112 quoddam
1466 2045 1590 2094 verbi

193 2117 327 2165 diuini
354 2115 586 2163 videantur
612 2114 845 2180 Augustino
871 2116 945 2162 Tr.
978 2117 1020 2163 in
1040 2119 1103 2162 Io.
1130 2126 1201 2169 80.
1233 2118 1402 2163 verbum
1437 2115 1591 2180 mfibibe

194 2184 457 2250 appellanti,
522 2182 728 2231 laudante
770 2182 983 2229 iudicium
1021 2192 1068 2229 et
1097 2197 1283 2229 acumen
1309 2183 1390 2229 viri
1422 2184 1588 2229 Melan-

194 2254 365 2302 elzthone
393 2255 435 2298 in
452 2249 582 2312 Apol.
604 2250 659 2297 A
683 2250 808 2311 Confi
830 2258 910 2296 art.
931 2265 1002 2307 13.
1037 2252 1125 2296 vim
1146 2261 1295 2297 autem
1315 2248 1370 2295 ad
1387 2247 1522 2296 fidem
1542 2260 1591 2297 et

194 2317 467 2367 sanffitatem
498 2318 569 2365 vel
609 2315 901 2378 generandam
930 2317 1000 2363 vel
1037 2317 1235 2364 alendam
1259 2314 1395 2364 verbo
1423 2333 1590 2380 parem,

195 2398 318 2436 certe
345 2384 555 2440 similem,
597 2385 668 2431 vel
698 2385 812 2431 hanc
839 2383 974 2449 ipsam
1005 2383 1064 2431 ob
1092 2383 1303 2440 eaulsam,
1355 2385 1453 2447 quia
1484 2401 1590 2430 cum

194 2455 333 2503 verbo
354 2456 440 2501 Dei
467 2450 614 2500 iunGa
643 2451 764 2508 sunt,
807 2461 854 2497 et
882 2453 972 2497 vim
1000 2450 1117 2499 suam
1148 2469 1170 2498 a
1204 2450 1592 2499 verbo‘Dei‘acci·

194 2524 346 2587 pium,
378 2537 472 2567 non
495 2519 631 2566 modo
650 2519 830 2566 iubente
847 2520 897 2565 iis
918 2520 1003 2574 vti,
1049 2519 1124 2566 sed
1145 2521 1278 2566 etiam
1298 2517 1591 2582 promistioni-

186 2589 282 2638 bus
314 2605 472 2635 eorum
502 2588 622 2634 vsum
654 2585 1011 2633 commendante.
1107 2590 1258 2650 Atque
1295 2585 1380 2632 hac
1415 2586 1503 2649 ipsa
1536 2585 1592 2631 de

199 2653 340 2706 eauffa
366 2657 419 2703 iis
450 2656 706 2724 communia
733 2654 855 2715 sunt,
902 2670 1016 2720 quae
1043 2652 1228 2702 diximus
1254 2651 1309 2700 de
1337 2653 1475 2702 verbo
1507 2654 1595 2766 Βὲἰ

1497 2736 1542 2786 ip
1565 2736 1596 2767 o
