1682 3068
200 191 302 240 494
362 192 427 223 DE
461 191 674 222 zumur-
703 189 890 226 JRGEN.
927 191 992 222 ΙΝ
1020 193 1221 226 CAVSSA
1251 194 1531 230 atumem

194 297 428 347 *nister-ium
458 295 677 352 restituta,
707 295 928 346 nobis'est
955 297 1183 357 tributum,
1218 309 1264 347 et
1289 299 1458 351 austori
1487 303 1596 362 eius,

200 371 324 424 Deo,
372 369 535 427 gratias
575 365 727 426 dignas
755 364 1052 414 decernamus,
1130 371 1178 414 In
1208 385 1299 432 quo
1328 386 1420 416 non
1452 360 1616 418 modo*

201 433 516 498 communibus
537 433 683 481 cauffis
704 435 877 480 moueri
895 451 976 480 nos
996 437 1222 493 conuenit,
1249 435 1321 482 sed
1341 438 1474 484 etiam
1495 445 1618 501 proi

196 504 331 566 priis:
357 501 482 566 quod
508 502 580 548 illa
609 499 788 548 libertas
816 502 966 548 multis
991 502 1133 548 modis
1155 501 1388 551 coniunsta
1407 503 1469 551 est
1490 521 1595 554 cum

196 568 346 616 studiis
366 567 494 616 restis
512 568 738 616 vniuersae
755 566 978 616 dofilrinae
1008 568 1210 618 liberalis.
1278 575 1399 618 Nam
1416 582 1462 617 et
1483 575 1526 619 in
1545 573 1596 619 il-

194 637 237 684 la
263 635 520 700 vindicanda
549 637 738 683 multum
766 637 994 684 valuerunt
1023 634 1158 683 studia
1186 636 1303 686 resta
1329 639 1595 700 linguarum,

195 702 425 760 historiae,
456 701 783 768 philosophiae,
828 706 960 750 etiam
990 704 1191 750 scientiae
1219 707 1464 766 legitimae,
1507 723 1593 755 nec

191 773 348 821 minus
365 772 513 820 valent
532 774 576 818 in
595 770 757 818 tuenda
777 781 824 818 et
833 771 1147 819 conseruanda:
1168 773 1255 838 ipsa
1273 783 1424 820 autem
1442 777 1592 822 incen-

195 839 365 887 duntur
380 849 426 887 et
447 849 668 900 augentur
686 839 755 885 illa
775 837 979 885 libertate
1005 840 1257 895 exercenda,
1288 842 1469 905 eiusque
1489 844 1591 889 reti-

193 907 368 955 nendae
387 917 434 954 et
453 905 691 954 firmandae
711 923 828 954 cura.
899 909 957 953 Et
977 917 1146 971 partem
1180 907 1363 974 quidem
1385 908 1590 958 beneficii

188 974 314 1025 illius
342 973 479 1022 diuini
507 992 619 1029 eam,
651 990 766 1036 quae
787 974 971 1038 proprie
1011 971 1064 1020 ad
1094 974 1357 1036 religionem
1378 979 1588 1040 pertinet,

189 1046 240 1092 in
260 1060 346 1107 qua
364 1040 426 1089 est
448 1042 614 1089 summa
629 1041 739 1088 salus
760 1038 916 1095 nostra,
948 1041 1330 1090 commendabunt
1348 1043 1484 1099 nobis,
1512 1046 1591 1108 qui

186 1112 312 1160 3nter
330 1110 441 1158 sacra
460 1109 720 1157 communia
740 1109 938 1155 Ciuitatis
958 1108 1363 1157 concionabuntur:
1390 1112 1589 1169 alteram,

191 1176 325 1226 nobis
350 1179 589 1242 propriam,
624 1192 738 1240 quae
769 1172 1001 1222 coniunssa
1030 1175 1091 1223 est
1117 1193 1222 1223 cum
1253 1177 1400 1224 studiis
1428 1175 1589 1226 doari-

189 1263 289 1302 nae‚
319 1248 436 1292 inter
457 1247 585 1292 Sacra
610 1241 916 1298 Eucharistica‚
943 1260 1054 1307 quae
1074 1247 1119 1291 in
1140 1243 1246 1291 aede
1267 1246 1460 1294 Paullina
1477 1247 1588 1296 hora

189 1316 287 1362 XII.
307 1312 429 1369 fient,
459 1309 796 1360 commendabit
814 1313 880 1358 M.
899 1313 1079 1359 Ioannes
1098 1314 1362 1361 Friedericus
1384 1314 1587 1378 Burfihe-

190 1399 276 1436 rus,
311 1379 621 1445 Philosophiae
641 1376 870 1434 Professor,
889 1383 930 1424 V
933 1380 968 1424 ir
987 1377 1268 1428 dofflffimus.
1308 1382 1442 1428 Dicet
1463 1383 1587 1432 enim

189 1456 250 1497 ita
260 1453 309 1496 de
319 1450 442 1496 Bono
453 1465 578 1497 verae
587 1451 797 1496 libertatis
815 1452 856 1494 in
875 1450 1098 1504 iudicando,
1105 1458 1155 1495 vt
1164 1457 1212 1495 et
1232 1448 1585 1510 magnitudinem

182 1519 299 1576 -eius,
316 1518 496 1580 vimque
516 1519 562 1562 in
582 1514 732 1563 studiis
751 1512 988 1572 doarinae,
1022 1513 1303 1572 demonstret,
1324 1527 1371 1564 et
1393 1516 1436 1562 id
1454 1518 1585 1566 nobie

186 1603 272 1652 per
291 1584 524 1634 emendata
544 1584 722 1633 Lutheri
739 1579 978 1632 ministerio
997 1582 1110 1632 sacra
1128 1582 1357 1646 contigisse
1376 1583 1548 1636 doceat.

1485 2722 1568 2767 DE
