1682 3068
116 10 158 32 c.

457 104 1162 141 MVRATOR1VS'
1413 108 1476 155 15

70 218 217 284 iisque
245 217 294 268 τὸ
321 217 512 281 εὐλογεῖν
541 213 772 281 parastum
802 207 1014 272 iudicant,
1058 214 1121 269 ‚de
1143 230 1239 280 quo
1269 213 1331 262 est
1358 216 1477 281 apud

69 287 284 340 Paullum,
325 303 343 335 ι
369 289 470 334 Cor.
489 287 545 338 X„
567 289 638 332 16.
674 283 754 331 Ad
771 294 988 332 externam
1006 291 1046 330 et
1065 285 1255 350 vffipilegn
1277 284 1478 332 astionem

73 354 235 402 Coenae
251 355 497 402 Dominicae
505 356 726 415 pertinent
748 353 1041 414 ConficratiO,
1068 353 1151 416 seu
1170 356 1298 402 verba
1317 353 1478 418 institu-

70 425 215 475 tionis,
248 421 501 488 dzstributio,
537 420 763 483 etsumtio.
804 419 977 465 Declar.
999 424 1095 466 Art.
1119 423 1320 486 Cone-p.
1349 436 1476 478 1040

70 487 138 535 ed.
160 489 284 535 Rein.
361 491 567 550 Itemque
595 488 641 533 in
664 487 781 549 Epit.
803 491 903 533 Art.
928 489 975 532 C.
996 503 1043 549 p.
1065 493 1171 543 846.
1203 505 1478 536 commemo·

67 567 168 604 rato
188 554 484 612 illoPa‘ullino
505 554 632 601 loco:
666 554 751 601 Illa
769 564 907 617 autem
925 553 1210 615 benediffi'iofit
1218 575 1306 618 per
1326 561 1477 605 recita·

68 617 218 672 tionem
235 626 455 670 verborum
479 622 639 687 Chrgsti.
718 624 866 677 Quam
897 622 1120 667 rationem
1150 625 1402 672 Gerhardus
1430 634 1478 672 et

68 691 142 738 alii
158 691 437 752 superiorum
458 699 718 753 temporum
738 689 968 748 Theologi
985 688 1238 752 sequuntur.
1310 698 1372 739 At
1405 693 1478 740 alii

67 757 127 807 ab
143 755 406 804 austeritate
425 756 646 804 formulae
665 755 786 804 istius
807 758 1077 803 declinantes
1098 759 1358 820 paullulum,
1390 761 1476 807 illis

42 819 319 885 'adiungunt
335 841 516 889 preces;
585 824 761 889 quidam
792 827 924 872 etiam
954 822 1325 884 distributionem,
1369 845 1478 875 cum

63 894 270 956 repetitis
311 892 454 943 verbis
491 894 763 949 Dominicis,
814 902 860 940 et
898 892 1168 940 sumtionem
1182 931 1193 951 ,
1244 906 1477 959 totamque

63 959 173 1007 adeo
203 958 426 1007 afflonem
447 959 789 1007 Eucharisticam
821 962 1161 1008 consecrationis
1185 963 1324 1010 verbo
1355 981 1476 1011 com-

61 1025 339 1092 plestuntur:
374 1045 427 1075 ex
447 1045 533 1092 qua
552 1031 728 1076 ratione
749 1027 829 1092 ipfi
846 1028 1108 1084 κοινωνέυτες
1128 1042 1300 1094 partem
1320 1032 1476 1078 conse-

64 1097 271 1143 crationis
294 1093 512 1143 obtinent.
569 1100 805 1144 Praetereo
825 1094 1155 1145 distributiones
1177 1100 1473 1148 consecratio-

62 1163 154 1217 nis,
194 1165 291 1228 ipso
309 1163 419 1211 sono
449 1173 679 1211 terrentes.
761 1165 1016 1213 Chemm'tius
1036 1176 1186 1213 autem
1214 1183 1320 1214 cum
1351 1167 1474 1216 idem

61 1229 196 1288 illud,
227 1230 349 1293 quod
371 1233 415 1278 in
436 1231 715 1279 Concordiae
733 1232 927 1279 formula
945 1233 1073 1280 scribi
1094 1235 1326 1298 probauit,
1369 1246 1473 1301 ante

60 1299 108 1344 in
129 1297 387 1345 Tridentini
398 1300 588 1347 Concilii
602 1303 815 1348 Examine
834 1299 1056 1366 pos-uiss'et,
1076 1305 1258 1367 (P.11.p.
1271 1321 1329 1350 m.
1347 1321 1363 1351 ι
1381 1309 1471 1366 ¹9·)

62 1365 149 1412 alio
170 1366 273 1412 loco
302 1364 363 1429 (p.
389 1373 517 1423 222.)
540 1366 670 1414 dicit:
703 1374 866 1432 quando
885 1369 1087 1430 institutio
1106 1375 1310 1420 recitatur
1328 1382 1371 1420 et
1390 1391 1472 1426 non

51 1434 239 1497 facimus
258 1436 371 1496 quod
388 1433 582 1497 Christus
601 1438 642 1481 in
660 1452 781 1483 coena
801 1445 844 1482 et
858 1435 964 1497 ficit
985 1446 1027 1482 et
1045 1437 1196 1498 facere
1213 1440 1343 1505 iussit,
1383 1458 1470 1493 ‘non

62 1498 121 1562 est
137 1500 406 1562 constantio,
430 1501 516 1562 sed
530 1511 693 1550 tantum
709 1503 904 1566 historica
924 1508 1117 1552 narratio
1127 1525 1143 1556 ;
1186 1510 1350 1570 quando
1368 1526 1468 1556 vero

55 1570 300 1623 recitamus,
336 1569 587 1631 etfacimns,
621 1574 735 1633 quod
750 1570 890 1634 hefft,
936 1580 1032 1618 tunc
1049 1576 1186 1620 verbis
1206 1576 1288 1621 illis
1307 1579 1467 1624 benedi-

59 1637 183 1681 cimus
193 1638 299 1696 pam‘
321 1643 364 1682 et
373 1636 549 1696 poculo.-
581 1636 741 1700 quibus
765 1636 907 1684 verbis
928 1639 1067 1694 clare,
1089 1651 1139 1686 vt
1158 1644 1335 1706 opinor,
1363 1660 1469 1691 con-

59 1697 243 1749 secratio
265 1706 626 1751 communicatur
647 1721 750 1752 cum
770 1706 843 1762 iis,
885 1707 962 1770 qui
989 1709 1218 1772 accipiunt
1237 1727 1399 1774 panem
1421 1723 1469 1760 et

58 1770 226 1817 vinum.
258 1772 348 1816 Iam
366 1771 414 1816 in
433 1769 532 1835 ipsis
552 1771 692 1820 verbis
714 1770 1002 1822 institutionis
1020 1792 1115 1822 non
1137 1777 1299 1826 eodem
1322 1779 1466 1828 modo

18 1866 23 1876 2
59 1837 107 1884 se
126 1852 286 1896 omnes
305 1837 512 1902 expedire
532 1838 685 1896 video,
721 1839 1006 1905 quibusdam,
1043 1842 1177 1892 verba
1197 1844 1354 1898 Christi
1373 1850 1465 1896 vim

60 1897 346 1956 oon'secrandi
366 1904 528 1954 habere
546 1910 705 1965 omnia,
744 1907 1107 1968 existimantibuS,
1138 1913 1253 1970 aliis,
1284 1926 1463 1980 partem

60 1987 217 2019 eorum
247 1983 434 2021 tantum.
539 1977 669 2029 Quae
697 1977 862 2024 indicio
892 1979 1015 2036 sunt,
1063 1980 1266 2028 laborare
1305 1982 1462 2031 doElos

58 2039 265 2086 homines
284 2042 328 2086 in
350 2041 684 2091 consecratione
712 2043 977 2094 definienda.
1076 2048 1340 2098 Clzamierius
1367 2054 1464 2116 qui-

61 2105 177 2160 dem,
196 2106 503 2167 eruditiffimus
524 2111 596 2157 ille
616 2129 820 2160 errorum
832 2117 1056 2164 Romanae
1074 2115 1293 2164 Ecclefiae
1311 2119 1463 2167 aduer-

60 2169 215 2229 sarius,
237 2172 360 2237 quod
376 2179 539 2224 merito
559 2181 658 2242 quis
680 2182 883 2238 miretur,
914 2199 970 2229 eo
992 2182 1230 2244 redigitur,
1267 2177 1314 2233 st
1327 2187 1461 2252 ipsos,

61 2257 174 2304 quos
202 2241 468 2304 impugnat,
499 2244 695 2304 secutus,
734 2249 1112 2314 consectationem
1139 2255 1293 2317 panis,
1345 2273 1462 2320 quae

58 2307 241 2376 qnioem
267 2306 480 2357 effeaum
501 2313 772 2364 Sacramenti
799 2316 989 2376 adferat,
1032 2320 1133 2366 solis
1161 2321 1326 2378 verbis,
1371 2322 1462 2371 hoc

6 2404 13 2408 «
61 2360 122 2422 ost
138 2393 302 2440 corpus
326 2394 500 2435 meum,
528 2379 624 2428 fieri
643 2383 759 2431 dicat
781 2384 1015 2443 (Panstrat.
1032 2391 1090 2433 T.
1110 2390 1192 2443 IV,
1223 2392 1301 2452 qui
1322 2388 1383 2437 est
1402 2391 1459 2437 de

5 2603 24 2630 ’ὓ

59 2441 344 2502 Eucharistia,
388 2449 461 2492 VI.
486 2462 526 2502 5.
546 2465 589 2511 p.
607 2465 666 2496 m.
691 2467 710 2498 1
722 2468 744 2511 5
757 2468 795 2509 3.
813 2456 877 2512 a.)
910 2455 960 2500 C.
981 2456 1046 2500 M.
1064 2455 1272 2517 Pfaffium
1292 2469 1457 2514 autern,

59 2509 366 2577 coplofiffimae
394 2512 616 2563 doGrinae
633 2517 926 2580 Theologum
963 2523 1036 2581 (in
1065 2522 1184 2587 Disp.
1216 2524 1272 2572 de
1302 2527 1459 2574 Conse-

59 2579 268 2627 cratione
279 2580 421 2629 Euch.
441 2585 540 2629 Vet.
561 2601 606 2649 p.
626 2601 685 2634 m.
705 2592 846 2647 405.)
864 2602 1024 2639 eorum
1039 2589 1186 2639 fauere
1203 2593 1456 2652 sententiae,

1380 2679 1457 2726 qux
