1682 3068
180 155 277 208 184
481 161 766 194 vmmcmt
803 161 1058 196 Annxrxn
1100 166 1283 197 mvrm

183 286 210 316 a
228 283 453 333 quoquam
477 267 645 331 potest,
678 269 747 317 his
766 268 937 330 legibus
957 281 1090 334 atque
1111 271 1217 318 huic
1235 271 1468 322 neceffitati
1488 274 1582 323 sub-

181 338 277 392 iici,
316 347 364 383 vt
385 335 517 392 nibil,
554 339 756 400 quamuis
774 355 966 402 aequum
987 349 1035 385 et
1063 339 1188 388 facile
1221 386 1225 394 A
1252 339 1412 390 audeat
1433 341 1581 407 postu·

181 406 273 452 lare
293 403 345 450 ab
363 405 432 460 iis,
476 404 637 469 quibus
655 405 698 453 se
718 405 882 467 largam
901 403 1128 470 praebeat3
1192 377 1267 454 {d
1285 420 1469 468 cogatur
1495 409 1581 458 effe

182 479 397 519 co‘ntenta
416 474 486 528 iis,
520 490 632 537 quae
654 473 813 537 sponte
835 489 886 519 ac
904 491 984 538 per
1004 475 1064 530 se,
1093 474 1220 522 nullo
1240 475 1582 526 extraordinario
1631 481 1636 483 ’

182 538 405 588 beneficio
428 557 575 602 neque
596 539 804 606 promisso
826 557 971 604 neque
993 540 1117 599 dato,
1158 543 1225 590 vel
1258 542 1416 591 fatturi
1445 555 1583 603 eraut,

183 609 256 654 vel
278 607 420 655 facere
443 607 698 655 debebant?
740 610 873 656 Dicat
886 610 993 670 ‘hoc
1016 608 1130 658 filius
1151 614 1347 674 parenti,
1395 609 1584 661 strenam

184 675 368 733 daturo,
420 676 489 723 vel
518 687 696 740 accepta
724 678 808 734 iam
825 674 994 728 ,sstrenae
1093 682 1313 734 Quamuis
1343 679 1584 742 indulgens

184 753 327 808 pater,
348 743 547 807 quamuis
566 743 726 797 facilis,
758 740 870 791 nihil
887 744 1048 807 alioqui
1070 757 1243 810 praeter
1263 746 1476 797 ordinaria
1498 751 1585 812 pie·

184 813 289 859 tatis
307 812 353 857 in
370 807 553 872 se'figna
574 810 820 876 postulanS,
848 822 999 859 tamen
1018 813 1406 873 commonebitur,
1434 826 1587 863 tamen

185 878 258 927 vel
278 880 459 926 omittet
487 878 794 927 liberalitatem
823 882 1075 934 minuetue‚
1117 881 1189 928 vel
1219 897 1321 928 eum
1353 882 1442 930 dati
1476 882 1589 930 doni

183 944 446 1011 poenitebit.
497 946 680 994 Dixifl'et
699 947 789 994 hoc
807 947 960 1011 aliquis
982 948 1244 1005 Alexandro,
1264 950 1441 1006 Caesari,
1462 954 1587 1008 Tito,

184 1011 484 1062 liberaliffimis
504 1024 552 1061 et
581 1015 760 1062 maximi
785 1016 919 1061 animi
947 1015 1228 1074 hominibus,
1269 1015 1483 1064 beneficia
1510 1014 1588 1064 aut¹

183 1079 462 1130 reuocass'ent
480 1080 598 1136 data,
628 1091 703 1128 aut
721 1080 947 1142 negassent
967 1081 1183 1146 promissa.
1253 1085 1344 1139 Qui
1375 1082 1588 1131 heredem

70 1143 73 1145 i
111 1161 114 1163 ’
183 1147 404 1202 scribunt,
442 1148 699 1213 praesertim
719 1166 813 1197 non
835 1150 986 1204 suum,
1025 1160 1099 1202 aut
1116 1151 1391 1211 legitimum,
1432 1163 1510 1199 aut
1541 1154 1589 1198 in

181 1217 402 1277 legatariis
423 1227 604 1280 ponunt
623 1217 836 1281 aliquem,
878 1218 967 1264 hoc
985 1217 1157 1283 semper
1177 1219 1273 1266 iure
1291 1217 1495 1280 vfisssunt‚
1539 1230 1589 1266 vt

183 1285 236 1332 iis
255 1282 445 1331 liberum
469 1282 594 1341 effer,
638 1283 968 1341 conditionem,
1003 1302 1133 1348 quam
1153 1285 1341 1340 vellent,
1374 1284 1588 1333 heredita-

185 1353 245 1401 tis
268 1350 537 1410 cernendae,
572 1353 762 1413 legatiue
790 1352 1000 1417 capiundi
1017 1370 1209 1418 ponere,
1253 1371 1340 1417 qua
1359 1352 1589 1418 repudiata

186 1428 262 1467 aut
279 1417 481 1480 negleaa
498 1419 750 1467 exciderent
776 1418 1011 1468 beneficio,
1111 1421 1322 1468 Liberum
1346 1420 1406 1468 est
1433 1419 1591 1468 heredi

186 1486 464 1547 legatarioue
478 1487 644 1546 (dicere,
677 1488 938 1535 conditione
957 1497 1034 1535 tua
1052 1505 1146 1536 non
1167 1500 1292 1536 vtor:
1327 1490 1588 1537 conditione

185 1571 281 1603 non
303 1552 454 1612 stanti,
480 1554 699 1604 beneficio
720 1554 970 1604 testamenti
989 1557 1074 1609 vti,
1109 1557 1176 1603 ius
1197 1573 1292 1603 non
1310 1554 1385 1603 est.
1439 1561 1587 1619 Atque

185 1621 298 1669 adeo
326 1639 421 1669 non
450 1625 592 1688 iniqui
619 1633 854 1686 putantur,
896 1623 972 1684 qui
1002 1621 1166 1684 aliquid
1193 1640 1295 1670 cum
1326 1623 1588 1670 conditione

184 1690 253 1736 vel
274 1689 547 1749 largiuntur,
589 1691 659 1736 vel
680 1690 971 1753 pollicentur,
1003 1698 1053 1734 vt
1070 1700 1228 1737 contra
1248 1691 1386 1754 iniqui
1406 1701 1452 1736 et
1468 1687 1588 1738 stulti

183 1754 439 1816 iudicentur
465 1757 517 1803 ab
543 1755 773 1810 omnibus,
824 1757 900 1819 qui
940 1754 1210 1805 beneficium
1242 1755 1334 1803 fine
1360 1756 1588 1822 proposita

183 1823 467 1882 conditione,
509 1825 635 1872 velut
654 1823 946 1871 hereditatem
966 1820 1054 1869 fine
1076 1824 1220 1881 sacris,
1257 1835 1303 1872 et
1331 1825 1468 1890 spolia
1498 1823 1587 1872 sine

182 1889 342 1939 sudore
362 1909 414 1938 ac
433 1892 664 1952 sanguine,
709 1893 908 1955 accipere
927 1890 1079 1938 velint.
1182 1896 1293 1940 Non
1313 1893 1588 1952 agonotheta

184 1956 367 2008 iniustus
394 1958 477 2015 est,
516 1962 592 2023 qui
621 1958 813 2024 palmam
845 1959 1042 2019 legitime
1073 1961 1272 2007 vincenti
1297 1969 1461 2023 ponat,
1513 1958 1587 2006 sed

184 2029 263 2090 qui
292 2043 387 2074 non
413 2024 577 2085 vistor,
628 2043 687 2073 ne
725 2029 968 2073 certamine
999 2026 1182 2091 quidem
1209 2028 1343 2082 inito,
1394 2027 1587 2091 palmam

219 2101 320 2145 etat.

182 2111 214 2164 P
291 2179 364 2222 14.
411 2166 582 2226 Neque
601 2178 710 2209 vero
731 2160 810 2217 est,
843 2158 963 2224 quod
984 2160 1080 2224 quis
1099 2159 1236 2208 dicat:
1283 2159 1479 2208 humana
1510 2157 1586 2208 ista

186 2227 292 2288 effe,
322 2248 347 2279 a
366 2232 450 2277 Dei
470 2226 742 2294 perfeffione
763 2238 911 2276 autem
932 2229 1095 2275 aliena:
1134 2230 1471 2289 magnanimum.
1485 2225 1584 2285 effe,

184 2299 425 2360 multoque
453 2298 592 2358 magis
620 2294 843 2351 diuinum,
891 2294 1102 2342 beneficia
1141 2294 1394 2361 simpliciter
1422 2306 1468 2341 et
1493 2294 1584 2342 fine

186 2364 445 2412 conditione
465 2364 579 2413 dare.
657 2365 835 2410 Etenim
863 2379 956 2409 non
980 2364 1230 2427 quaeritur:
1267 2378 1325 2408 an
1345 2361 1583 2411 liberalitas

185 2430 279 2481 fine
299 2431 559 2480 conditione
579 2428 662 2478 effe
684 2428 836 2496 poffit:
880 2430 951 2477 sed
970 2446 1026 2476 an
1053 2427 1136 2477 effe
1156 2427 1325 2478 debeat·
1395 2433 1466 2476 De
1488 2432 1582 2476 iure

185 2497 382 2563 quaestio
403 2498 476 2546 est.
545 2498 757 2546 Liberum
773 2499 935 2562 cuique
955 2495 1040 2544 effe
1061 2495 1207 2555 debet,
1240 2513 1373 2561 quem
1393 2497 1582 2544 modum

183 2559 461 2615 liberalitatis
480 2567 580 2614 suae
606 2566 711 2613 velit
730 2562 836 2612 effe:
877 2563 1013 2628 idque
1033 2581 1083 2612 ex
1101 2562 1200 2630 ipfis
1219 2580 1371 2610 rerum
1390 2565 1586 2611 notioni-

183 2633 266 2685 bus
285 2634 557 2696 intelligitur
576 2633 793 2700 sensuque
810 2635 1055 2682 communi.
1122 2630 1324 2682 Liberale
1345 2629 1582 2746 est‚fibene-

1461 2715 1580 2747 cium
