1682 3068
168 184 266 240 438
655 181 735 226 ‘An
772 193 1082 226 Aeronvm

177 296 329 365 speostu
351 297 589 347 hominum
611 298 779 348 redibit
806 303 850 347 in
872 311 1048 356 terram,
1086 309 1134 348 vt
1153 301 1262 348 abiit
1283 302 1384 352 ante'
1408 303 1453 350 in
1468 306 1576 352 eoe-

172 368 275 415 lum
318 367 408 414 Αέῗ.
450 370 487 421 1,
523 384 594 415 11.
675 366 894 415 Christum
931 368 1159 416 habebunt
1187 371 1298 416 coeli
1330 389 1408 433 per
1441 389 1576 424 omne

182 432 577 489 ἀποκαταςοίσεως
613 445 813 500 tempus,
862 453 949 483 nec
978 446 1079 483 ante
1117 453 1220 483 eum
1249 440 1377 484 terris
1406 439 1579 502 conspi-

184 502 393 550 ciendum
422 501 633 559 reddent,
677 520 809 567 quam
839 503 1015 551 definita
1044 503 1440 559 ἀποκαταστάσεως
1466 517 1578 552 tem-

183 587 292 635 pora
313 572 510 617 exierint.
577 567 939 626 Ἀποκατοίςασις
966 582 1115 619 autem
1145 573 1249 635 quid
1270 572 1332 629 fit,
1362 575 1405 618 in
1426 590 1480 619 eo
1501 573 1582 620 dis·

184 638 355 686 sensere
392 641 515 685 omni
541 649 744 702 tempore
771 640 1059 702 interpretes,
1104 639 1210 686 dum
1239 643 1283 686 in
1324 640 1579 704 explicando

186 706 508 769 etymologiam
540 709 692 771 potius
717 707 838 754 verbi
868 718 914 753 et
944 708 1201 753 Lexicorum
1230 708 1478 768 vulgarium
1506 725 1580 755 au*

187 772 436 821 &toritatem
467 773 739 837 sequuntur,
783 791 914 838 quam
953 774 1059 837 ipsas
1090 776 1335 838 Scripturas
1375 777 1587 830 audiunt;

164 841 376 904 'suntque
406 841 611 888 nonnulli
642 840 694 887 ad
724 841 929 888 fanaticas
957 842 1188 906 opiniones
1218 840 1430 908 prolapsi,
1474 858 1583 907 quae

188 926 249 957 ne
268 925 388 955 nunc
407 910 586 973 quidem
608 920 900 955 euanuerunt.

286 977 521 1040 Optimum
541 987 688 1023 autem
708 980 996 1039 interpretem
1019 974 1235 1023 habemus
1259 978 1455 1024 Paullum
1482 979 1586 1024 Ebr.

195 1046 278 1092 IX.
313 1060 385 1090 10.
426 1042 678 1101 manifeste,
724 1060 855 1106 quam
886 1046 1028 1089 Lucas
1058 1042 1415 1095 οὲποκατοίςασιν
1445 1057 1586 1102 vocat,

191 1107 424 1177 διόρθωσιν
455 1111 772 1176 appellantem:
802 1127 893 1174 quo
927 1111 972 1154 in
1001 1110 1101 1157 loco
1122 1113 1492 1175 etiam-antiquior
1511 1115 1587 1157 In·-

190 1189 364 1226 terores
403 1180 560 1225 latinus
587 1172 815 1243 διοξθωσιν
854 1178 985 1223 vertit
1020 1178 1338 1242 rssitutionem3
1382 1183 1463 1242 pro
1502 1195 1589 1243 qua

191 1248 475 1309 Hieronymus
496 1244 712 1309 rescripsit
730 1244 1029 1292 correffionem.
1099 1244 1184 1292 Sed
1201 1237 1435 1310 διόρθωσις
1447 1262 1589 1310 oppo-

191 1317 316 1361 nitur
344 1330 368 1358 a
392 1314 544 1360 Paullo
577 1314 714 1360 veteri
744 1312 994 1377 disciplinae
1015 1311 1228 1368 Iudaicae,
1261 1330 1341 1376 per
1369 1314 1514 1373 legem
1533 1314 1590 1359 ri-

192 1383 360 1429 tuale'm
399 1378 686 1435 constitutae3
732 1397 842 1443 quae
879 1378 1035 1425 durare
1074 1380 1126 1426 ad
1159 1374 1591 1444 scogsdmmgfvsquo
1644 1429 1649 1434 ,

190 1460 368 1514 tempus
389 1449 587 1496 debebat.
658 1448 790 1494 Vnde
810 1446 873 1504 fit,
886 1459 943 1494 ·vt
961 1446 1319 1519 dvc-ongera‘eamc
1335 1446 1508 1499 πάντων
1529 1449 1594 1494 ni-

192 1517 258 1565 hil
290 1516 407 1563 aliud
435 1515 498 1574 fit,
533 1533 666 1580 quam
692 1515 917 1576 Euangelii
949 1516 1074 1572 clara,
1104 1525 1151 1562 et
1171 1515 1225 1562 ab
1258 1514 1465 1563 omnibus
1486 1514 1593 1575 figu·
1643 1563 1645 1565 ,

193 1601 343 1634 rarum
354 1595 398 1633 et
419 1590 587 1631 rituum
605 1582 767 1631 vmbris
785 1583 921 1629 libera
946 1580 1152 1640 dostrina,
1181 1596 1262 1646 per
1281 1588 1486 1630 loannem
1506 1583 1593 1645 pri-

194 1670 322 1700 mum
353 1651 670 1706 denuncianda,
705 1667 786 1713 per
813 1651 955 1696 Iesum
989 1649 1148 1696 deinde
1175 1648 1439 1713 proferenda
1472 1650 1592 1694 inter

193 1719 384 1768 Iudaeos
420 1730 466 1765 et
498 1736 578 1784 per
605 1715 844 1781 Apostolos
885 1733 1070 1780 quaqua·
1093 1717 1263 1763 versum
1294 1715 1592 1781 propaganda,

193 1782 246 1835 in
261 1785 447 1833 Ecclesia
467 1785 671 1848 denique,
693 1802 772 1848 per
791 1783 987 1848 ipsorum
1008 1784 1287 1846 aliorumque
1306 1781 1594 1829 ministerium

195 1853 446 1909 constituta,
484 1851 537 1899 ad
570 1852 750 1898 salutem
782 1852 1016 1898 hominum
1046 1850 1269 1898 tradenda.
1338 1852 1514 1898 Etenim
1547 1852 1592 1896 in

197 1936 248 1969 ea
276 1939 325 1969 re
353 1921 436 1969 fuit
456 1921 614 1967 veteris
637 1918 885 1981 disciplinae
907 1918 1128 1965 Mosaieae
1161 1916 1415 1964 emendatio
1446 1929 1492 1963 et
1514 1915 1594 1963 do·

195 1986 356 2037 &rinae
382 1989 606 2049 religiosae
637 1984 859 2053 pet-festio.
931 1989 1094 2047 Neque
1113 1987 1231 2032 enim
1253 1988 1298 2031 in
1325 1980 1594 2051 ὃιοξθώσεως

195 2056 334 2105 verbo
355 2058 487 2103 nimis
509 2054 749 2120 premenda
781 2051 840 2099 est
860 2054 1164 2116 etymologias
1178 2065 1226 2100 et
1245 2069 1361 2099 mera
1381 2049 1595 2099 cort-estio

194 2123 510 2185 intelligenda:
557 2123 722 2186 quippe
754 2122 844 2168 hoc
875 2138 1014 2180 genus
1057 2120 1293 2168 verborum
1336 2135 1595 2181 graecorum

196 2194 326 2239 etiam
361 2187 682 2255 perfestionem
731 2200 776 2235 et
814 2190 1120 2234 excellentiam
1159 2189 1350 2252 aliquam
1378 2187 1597 2251 exprimit.
1649 2240 1655 2245 ⁴

194 2272 312 2311 Κατο
336 2255 540 2321 θώματι»
571 2256 752 2323 quidem
787 2267 832 2302 et
862 2251 1159 2319 ὃιοςθώματα
1188 2255 1288 2302 sunt
1316 2272 1384 2300 res
1411 2253 1597 2317 praecla-

141 2388 143 2397 Α
194 2345 244 2376 re
275 2346 296 2373 a
358 2326 538 2373 salutem
575 2327 742 2389 patriae
769 2320 911 2380 gestae
943 2324 1007 2369 vel
1039 2322 1316 2369 constitutae:
1361 2320 1598 2368 in'scholis

194 2393 571 2457 Philosophorum
600 2388 945 2455 κατορθώματα
974 2393 1103 2437 etiam
1134 2390 1258 2454 officia
1273 2388 1484 2454 perseam
1511 2391 1597 2434 vir-

195 2472 308 2510 tutes
333 2461 574 2524 perfebi‘ae,
607 2475 720 2524 quae
748 2458 908 2503 mediis
935 2470 981 2504 et
1011 2457 1263 2517 vulgaribus
1293 2465 1599 2520 opponuntur,

197 2531 244 2577 in
265 2529 425 2592 quibus
443 2539 618 2574 tantum
642 2527 741 2572 sunt
761 2525 1015 2572 adumbrata
1028 2523 1160 2572 officii
1176 2523 1410 2571 simulacra.
1446 2522 1601 2568 Theo·

198 2594 595 2657 doretuslquidern
626 2594 678 2640 ad
708 2593 750 2638 h.
769 2594 796 2639 l.
829 2610 930 2638 cum
958 2587 1188 2658 ὃιοςθώσῃ
1217 2600 1441 2655 permutat
1464 2585 1600 2646 ,reste
1681 2639 1682 2651 χ

198 2661 458 2718 τελειότητα.
523 2665 652 2708 Haec
669 2661 765 2708 talis
788 2654 1019 2729 ὃιὸςθωα-ις
1038 2661 1108 2708 vel
1134 2655 1487 2710 οἱποκοιτοὶςοισις
1505 2667 1602 2704 tum
1680 2686 1682 2690 ι

1448 2721 1603 2771 doetri-
