1682 3068
132 188 136 193 ,
178 151 277 202 452
347 151 640 185 xAnnArm
674 152 898 186 cn'ITreA
930 151 995 185 nr.
1031 155 1556 191 raventun-Armua

180 277 288 309 eum
312 263 508 326 primum
532 259 639 307 illud
662 276 805 322 genus
825 270 995 309 tantum
1016 273 1323 328 comparatum
1355 263 1478 312 fitad·
1494 264 1593 314 illu-

181 326 374 378 strandas
395 346 465 375 res
487 328 622 375 sacras
645 342 692 376 et
714 327 949 377 inuifibiles
967 346 1048 396 per
1070 349 1141 378 res
1167 330 1400 389 senfibiles,
1418 331 1473 380 ad
1494 332 1592 382 'vsus

182 397 365 462 populi,
413 408 462 444 vt
482 413 562 460 per
583 395 797 445 sensibilia
816 395 1052 446 adducatur
1069 399 1121 445 ad
1144 397 1392 454 inuifibilia,
1428 417 1512 447 nec
1541 400 1595 448 fit

185 467 374 531 proprie
395 465 718 529 interpretandi
738 481 900 527 genus,
937 466 1008 514 sed
1029 467 1387 514 accommodatio
1410 468 1593 517 illorum

183 531 238 580 ad
268 534 380 580 haec
408 530 679 590 illustrand'a3
716 534 902 581 alterum
933 547 1087 582 contra
1119 536 1238 582 eruit
1263 551 1417 582 reuera
1446 534 1593 586 abdita

181 600 262 648 sub
282 599 520 648 verborum
540 599 716 661 figuris,
764 599 917 665 estque
943 601 1059 648 haud
1093 603 1238 667 paullo
1267 603 1344 650 illo
1375 602 1593 668 superiori

182 669 346 717 melius
367 680 414 715 et
436 669 622 730 grauius.
663 671 880 717 Facundus
900 670 1079 733 quidem
1101 669 1156 717 de
1178 675 1318 718 tribus
1342 670 1482 732 Capit.
1500 673 1592 721 HI.

182 753 230 803 p.
251 752 364 795 499.
385 737 542 784 diserte
564 733 793 797 distinguit
812 737 1017 804 mysticam
1039 749 1085 784 et
1107 740 1306 786 moralem
1326 739 1594 803 interpreta-

182 806 358 852 tionem
377 805 723 869 Prophetarum,
767 815 813 851 et
840 822 953 869 quae
979 804 1163 869 mystice
1194 803 1306 852 dista
1333 803 1418 854 fint
1447 823 1470 854 a
1489 805 1593 854 Pro-

183 872 357 938 phetis,
399 890 449 920 ea
471 874 634 936 pariter
652 869 918 937 prophetice
936 871 1050 920 diE’ta
1070 873 1157 920 effe
1177 871 1304 930 dicit,
1347 890 1444 938 pag.
1479 888 1594 932 497.

184 944 345 1005 Itaque
365 947 467 987 cum
492 937 718 987 Diodorus
740 939 902 987 dicitur
927 959 951 988 a
970 943 1199 989 Sozomeno
1229 952 1278 988 et
1295 943 1467 988 Socrate
1501 939 1594 996 τὲίς

183 1005 380 1077 &mefac
405 1005 720 1073 ἐκτρέπειν-θη,
762 1006 806 1053 id
826 1023 920 1055 non
941 995 1000 1060 ss
1027 1010 1416 1072 interpretationes
1443 1006 1595 1071 mysti-

185 1092 279 1132 cas,
309 1072 400 1122 flue
419 1078 590 1140 typicas
613 1076 834 1138 pertinet,
862 1073 935 1120 sed
953 1074 1007 1121 ad
1022 1075 1149 1122 *illam
1171 1077 1519 1137 Origenianam,
1541 1093 1592 1123 ae

183 1144 387 1191 Philonis
407 1142 558 1189 Iudaei
580 1142 875 1197 imitatricem,
899 1158 967 1188 res
990 1141 1219 1190 historicas
1242 1152 1592 1202 conuertentem

184 1214 234 1260 in
255 1211 466 1264 morales,
503 1208 620 1257 vnde
639 1219 684 1255 et
706 1211 876 1257 moralis
896 1213 1186 1274 interpretatio
1195 1239 1202 1261 -,
1214 1209 1378 1257 dicitur
1396 1212 1592 1258 Facundo

184 1278 388 1346 pluribus
408 1279 542 1332 locis,
587 1276 643 1323 de
661 1281 795 1324 tribus
815 1278 954 1340 Capit.
976 1290 1023 1326 vt
1050 1294 1094 1342 p.
1117 1285 1228 1335 496.
1331 1281 1452 1324 Nam
1481 1277 1593 1325 illud

180 1346 365 1413 vvquidem
387 1362 528 1407 genus
545 1343 600 1391 ab
622 1344 827 1391 Diodoro
850 1345 1071 1393 seruatum
1095 1344 1202 1402 effe,
1242 1355 1376 1410 atque
1395 1343 1592 1391 *a'b'disci-

184 1415 325 1483 puliS,
361 1414 470 1461 adeo
493 1430 584 1459 non
607 1411 858 1459 dubitatum
883 1411 955 1469 est,
991 1424 1039 1460 vt
1052 1416 1097 1460 in
1122 1412 1445 1478 eo'vsurpando
1455 1413 1591 1460 etiam

183 1482 375 1531 modum
393 1478 606 1528 exceffiffe
625 1478 889 1535 viderentur,
919 1497 1023 1527 cum
1042 1475 1195 1534 multa,
1216 1497 1330 1544 quae
1340 1480 1396 1528 de
1415 1478 1592 1528 Christo

183 1551 368 1615 proprie
390 1547 503 1596 dista
521 1549 659 1609 vulgo
680 1545 949 1605 viderentur,
973 1561 1019 1595 et
1033 1552 1077 1595 in
1097 1542 1466 1614 disputationibus
1480 1562 1590 1594 cum

182 1617 358 1667 Iudaeis
379 1617 567 1682 vsurpari
590 1614 802 1670 solerent,
842 1627 1018 1663 tantum
1044 1614 1263 1681 μυςικῶς,
1306 1615 1506 1663 sedvere
1524 1624 1585 1661 w-

184 1703 315 1743 men,
362 1686 417 1733 ad
439 1699 544 1732 eum
566 1685 791 1747 pertinere
811 1683 1020 1730 dicerent.

283 1757 494 1800 Ceterum
516 1754 735 1806 Diodoro,
780 1761 966 1815 propter
992 1750 1106 1796 hanc
1139 1750 1435 1805 mutationem
1454 1750 1588 1795 inter·

180 1821 462 1888 pretationis,
494 1835 650 1873 nemo,
681 1832 830 1882 neque
851 1818 954 1864 viuo
975 1820 1032 1864 ita
1053 1815 1261 1864 molestus
1281 1815 1388 1872 fuit,
1421 1826 1472 1862 vt
1488 1832 1588 1864 rem

179 1887 239 1936 'ad
262 1886 458 1935 haeresin
477 1888 695 1940 traheret,
746 1902 893 1949 neque
911 1896 1119 1941 mortuo,
1165 1901 1267 1933 cum
1295 1885 1339 1930 in
1365 1883 1586 1948 discipulis

182 1958 276 2004 eius
291 1992 303 2013 ,
337 1957 553 2003 ΊῚιεοιίονο
574 1954 784 2008 maxime,
814 1952 859 1998 id
879 1952 1018 2000 fieret.
1087 1955 1250 1999 Viuum
1274 1951 1455 2016 quidem
1477 1952 1587 1997 sem-

178 2041 267 2091 per
292 2023 522 2071 laudatum
542 2020 628 2068 eise
654 2020 788 2066 tradit
814 2019 931 2067 idem
955 2024 1172 2068 Facundus
1193 2038 1236 2084 p.
1262 2035 1368 2078 512.
1396 2029 1586 2083 propter

179 2090 450 2141 sanstitatem
479 2092 594 2137 vitae
620 2098 666 2135 et
693 2089 932 2151 puritatem
971 2085 1208 2135 doetrinae.
1308 2085 1584 2134 Crediderim

179 2163 315 2208 'etiam
337 2155 594 2207 modestiam
611 2157 655 2202 -ei
672 2153 883 2220 profuiffe
902 2159 1028 2211 viuo,
1074 2153 1197 2219 quod
1221 2155 1441 2201 rationem
1462 2153 1583 2200 illam

178 2228 302 2276 suam
322 2224 530 2274 trastaret
551 2227 896 2274 Commentariis
912 2223 1181 2278 scribendi&
1220 2231 1267 2268 et
1300 2232 1472 2268 tantum
1503 2221 1583 2267 suo

180 2294 320 2344 modo
341 2294 464 2342 libris
488 2295 614 2340 sacris
638 2291 998 2355 interpretandiS,
1029 2306 1120 2337 non
1141 2290 1235 2336 aliis
1251 2286 1584 2354 impugnandis,

180 2373 227 2411 et
249 2362 508 2416 irridendis,
544 2362 584 2408 h.
603 2377 639 2406 e.
660 2358 904 2406 irritandis:
938 2375 1031 2415 nec,
1053 2374 1153 2405 cum
1174 2359 1428 2411 neodorm,
1449 2355 1582 2402 etiam
1627 2381 1632 2385 -

174 2432 445 2478 'nominatim
489 2429 623 2475 huius
652 2428 1033 2491 interpretationis
1072 2422 1231 2476 cauffa,
1299 2424 1583 2471 damnaretur

174 2510 400 2552 mortuus,
432 2497 517 2544 vlla
537 2497 631 2557 eius
650 2498 821 2541 mentio
846 2493 952 2542 fasta
972 2492 1056 2548 est3
1091 2495 1179 2557 qui,
1199 2490 1231 2538 fi
1251 2491 1327 2538 ille
1343 2500 1582 2555 propterea

174 2564 454 2612 damnandus
477 2574 582 2618 erat,
618 2565 782 2627 pariter
802 2562 996 2609 damnari
1016 2557 1209 2607 debuisse
1228 2558 1418 2606 videtur:
1454 2556 1581 2602 cuius

174 2635 242 2681 rei
265 2631 452 2680 caussam
472 2630 592 2678 idem
619 2633 841 2699 Facundqs
855 2647 902 2695 p.
926 2645 1034 2689 509.
1059 2628 1112 2676 ab
1144 2625 1310 2675 inuidia
1329 2628 1375 2673 in
1392 2621 1579 2673 ''Theodo-

810 2723 815 2728 .
1484 2705 1578 2738 rum
