1682 3068
195 180 293 240 362
456 193 466 202 ⁴
565 168 845 225 rreum-As
866 193 931 226 ιτ
953 194 1195 229 vnn-ras

193 298 331 350 fufius
352 298 519 347 dicatur
530 335 546 357 ,-
567 298 725 348 tenth
738 302 951 360 relatione
970 304 1165 364 (σχέσει)
1189 315 1320 352 mera,
1388 306 1472 361 Sed
1490 323 1591 374 per-

194 368 360 416 turbari
383 367 580 416 videmus
608 368 814 416 homines
835 370 972 419 verbo
992 372 1259 437 subsistendi,
1276 370 1444 437 *quod'ff
1458 377 1515 434 in,
1536 393 1592 424 eo

193 437 308 485 solet
326 436 580 497 Theologia
599 436 732 483 latina
751 439 973 504 vsurpare,
1007 439 1228 504 habetque
1246 439 1595 505 ambiguitatem,

193 521 307 570 quae
328 520 422 551 non
438 502 507 550 vest
525 506 570 551 in
592 502 779 553 Graeco.
844 508 1038 568 intelligi
1059 510 1193 564 igitur
1212 507 1366 566 debet-,3
1395 519 1497 557 cum
1517 519 1595 556 na-

193 583 294 620 tura
311 570 473 619 Christi
493 572 682 619 humana
702 589 794 621 non
815 591 893 638 per
913 576 955 622 se
976 573 1194 622 subsistere
1216 574 1398 634 dicitur,
1428 589 1474 624 et
1497 593 1594 624 eam

193 639 255 687 ob
276 638 459 687 caussam
490 656 582 687 non
613 639 698 687 effe
730 642 934 706 persona,
983 642 1052 689 sed
1083 641 1306 690 subsistere
1334 645 1594 711 {nupersona

191 709 294 757 Filii
315 711 421 763 Dei,
451 707 496 754 id
517 707 679 755 habere
698 712 893 772 primum
912 712 1001 757 vim
1022 728 1113 757 non
1135 710 1386 776 phylicam'
1404 712 1475 761 sed
1496 729 1594 759 mo·

191 777 326 825 talem
340 811 350 830 ‚
383 792 484 822 cum
505 785 652 822 totum
675 778 884 840 personae
906 795 1072 825 nomen
1094 782 1139 825 in
1162 779 1367 826 humanis
1387 797 1414 826 e
1434 779 1594 828 morali

191 861 357 906 genere
375 842 443 900 fit,
462 841 635 890 deinde
652 842 1017 905 significationem
1040 847 1167 903 hanc,
1188 856 1236 893 vt
1258 847 1404 893 diuina
1426 858 1594 907 natura,

190 910 282 959 flue
304 911 438 958 Filius
457 914 564 965 Dei,
609 910 662 958 sit
689 911 867 959 subiefifi
895 931 946 960 ex
963 916 1188 979 Vtriusque
1219 907 1399 961 naturae
1418 916 1595 980 copula-

189 984 317 1027 tione
339 980 424 1026 orti
453 996 555 1042 pars
575 997 646 1034 ea,
690 982 760 1026 cui
782 984 961 1045 proprie
981 993 1025 1027 et
1055 984 1268 1046 primario
1296 986 1447 1030 omnia
1475 985 1595 1030 attri-

188 1046 406 1100 buantur‚
454 1064 565 1110 quae
593 1049 639 1094 in
668 1048 771 1094 illud
805 1046 1047 1094 subieffium
1079 1049 1263 1104 cadunt,
1315 1063 1502 1116 propter
1529 1067 1594 1109 ea,

187 1113 315 1182 quod
336 1113 466 1160 habet
492 1116 538 1159 in
562 1130 611 1160 ea
638 1116 824 1178 persona
844 1114 1125 1163 dominatum
1147 1132 1332 1164 omnem
1355 1128 1407 1164 ⁴et
1434 1121 1595 1183 princi-

186 1193 368 1250 patum,
416 1183 655 1228 humanam
681 1193 830 1229 autem
867 1183 941 1230 {ibi
971 1194 1146 1231 tantum
1176 1201 1260 1249 pro
1299 1183 1593 1233 instrumento

186 1247 758 1315 operis‘susceptiadsciuit.
842 1254 992 1316 Itaque
1019 1249 1106 1297 liue
1135 1252 1177 1297 se
1197 1251 1264 1297 dev
1282 1253 1412 1300 coelo
1431 1252 1593 1301 venifl‘e

187 1319 330 1374 dicat,
362 1328 439 1364 aut
457 1320 606 1364 omnia
625 1319 740 1373 scire,
773 1329 848 1365 aut
867 1321 937 1367 his
956 1317 1119 1376 similia,
1139 1318 1226 1367 iiue
1247 1319 1290 1366 se
1311 1321 1593 1380 moriturum,

187 1398 236 1434 et
256 1388 349 1432 eius
370 1388 546 1445 generis
577 1387 678 1436 alia,
725 1385 902 1451 semper
925 1387 1075 1434 diuina
1107 1398 1286 1445 natura,
1326 1388 1465 1436 Filius
1494 1390 1594 1447 Dei,

185 1455 392 1518 loquitur
410 1454 605 1517 proprie.
673 1453 749 1499 Ille
770 1456 892 1520 Ego,
922 1457 997 1519 qui
1016 1455 1133 1511 dicit,
1169 1473 1259 1503 meo
1279 1459 1464 1504 arbitrio
1480 1473 1593 1520 pono

185 1527 317 1570 vitam
335 1531 378 1567 ct
398 1532 561 1585 repeto,
595 1518 657 1566 est
677 1524 720 1567 in
744 1533 937 1586 Vtroque
957 1524 1088 1570 Filius
1108 1525 1192 1569 Dei
1209 1525 1399 1589 proprie,
1429 1537 1475 1570 et
1494 1533 1594 1589 per-

186 1589 291 1638 sona
312 1587 484 1645 diuina,
518 1605 606 1636 nec
624 1589 872 1636 excluditur
890 1593 936 1637 in
959 1591 1168 1637 alterutra
1189 1602 1321 1653 parte‘
1335 1591 1487 1645 homo,
1518 1588 1593 1638 sed

187 1655 414 1705 assumitur
440 1659 486 1702 in
517 1658 884 1703 communionem
913 1660 978 1703 rei
1004 1661 1230 1720 vtriusque
1242 1677 1262 1712 3·
1289 1654 1592 1705 at'faffumitur

184 1736 497 1789 tantum‚'·pro
520 1724 659 1771 modo
677 1727 892 1787 cuiusque
911 1727 986 1770 rei.
1050 1729 1100 1770 In
1123 1719 1386 1779 Nestorian'a
1407 1727 1593 1787 ratione,

185 1795 234 1840 in
254 1809 338 1856 qua
355 1792 500 1838 >homo
521 1791 637 1837 Iesus
658 1787 720 1835 est
748 1791 933 1854 persona
961 1808 984 1835 a
1006 1793 1119 1839 Filio
1140 1793 1226 1837 Dei
1253 1790 1472 1847 distincta,
1516 1791 1591 1852 estg

184 1869 234 1908 vt
251 1861 311 1906 ita
330 1858 527 1905 dicamus
541 1893 551 1912 ,
582 1856 743 1921 duplex
764 1861 880 1923 Ego,
924 1859 1056 1913 alius,
1105 1861 1181 1922 qui
1196 1859 1256 1906 'se
1272 1858 1387 1906 dicat
1405 1863 1591 1907 moritu-

185 1943 310 1982 rum,
339 1927 469 1981 alius,
500 1928 576 1990 qui
594 1925 638 1972 se
658 1924 915 1972 Abrahamo
936 1928 1133 1989 priorem
1153 1926 1290 1986 ferat3
1321 1926 1440 1973 vnde
1452 1929 1591 1975 multa

185 1994 366 2042 absurda
389 1992 747 2054 consequuntur:
803 1992 923 2056 quod
944 1992 1066 2039 secus
1088 1990 1150 2040 est
1167 1999 1248 2060 pe'r
1270 2010 1340 2051 ee,
1379 1997 1506 2058 ‹juae'
1526 1995 1589 2043 di-

185 2064 346 2117 ximus,
383 2064 430 2108 in
461 2059 608 2108 nostra
636 2071 682 2106 et
713 2058 928 2107 Ecclesiae
955 2059 1161 2126 probata,
1211 2079 1323 2126 quae
1350 2061 1588 2110 humanam'

185 2148 268 2196 per
286 2129 327 2176 se
349 2139 486 2189 negat
506 2125 741 2182 subsistere,
761 2131 832 2175 i.e.
855 2127 1068 2191 personae
1089 2130 1239 2175 locum
1259 2138 1306 2175 et
1317 2129 1404 2176 vim
1424 2139 1594 2188 tenere,

185 2197 260 2246 sed
279 2214 382 2244 cum
407 2196 590 2260 persona
611 2196 729 2251 Filii,
766 2195 888 2260 quod
919 2212 1146 2259 nunquam
1178 2195 1446 2261 ipsa‘sola'de
1466 2195 1508 2242 se
1526 2196 1588 2244 ὀὶ·

187 2277 280 2320 cat,
317 2263 390 2310 sed
413 2263 552 2310 modo
581 2268 803 2326 particeps
827 2260 880 2308 fit
899 2279 1077 2321 eorum,
1124 2272 1236 2328 quae
1264 2264 1400 2311 Filius
1416 2266 1500 2310 Dei
1533 2263 1588 2310 de

184 2333 232 2380 fe
260 2334 304 2379 in
326 2333 402 2378 illa
422 2330 681 2378 conditione
712 2330 946 2392 praedicet.

284 2402 338 2445 In
358 2415 449 2462 quo
469 2398 616 2445 rursus
637 2415 727 2445 nou
752 2399 1061 2458 intel-ligimus,
1104 2396 1209 2461 quid
1229 2395 1363 2444 iustae
1382 2395 1587 2457 offensio-

185 2469 253 2514 nis
275 2484 325 2513 ea
347 2484 417 2513 res
439 2465 622 2512 habeat:
660 2483 793 2530 quae,
825 2463 856 2525 fi
877 2466 945 2512 illa
966 2463 1221 2512 coniunffio
1241 2476 1344 2526 vera
1365 2463 1449 2525 est,
1467 2477 1513 2511 et
1531 2465 1587 2512 ad

186 2551 315 2586 eum,
350 2550 484 2598 quem
507 2532 715 2587 diximum
751 2532 939 2579 modum
968 2530 1216 2590 constituta,
1245 2529 1472 2580 aliter-Jeffe
1492 2549 1586 2580 non

186 2598 345 2664 potest.
445 2606 509 2646 Ac
526 2599 643 2646 bene
664 2617 757 2646 rem
786 2599 1014 2647 illustrauit
1041 2602 1276 2663 antiquitas
1303 2597 1586 2646 fimilitudine

187 2668 384 2720 hominis
406 2670 632 2733 cuiusque.
683 2671 805 2717 Nam
826 2679 874 2716 et
893 2672 939 2716 in
959 2667 1049 2715 hoc
1070 2682 1347 2732 corpus-non
1366 2665 1584 2714 subsistere

1501 2751 1585 2800 per
