1682 3068
192 160 291 207 510
322 162 385 190 DE
411 158 633 190 Auru-r.
652 155 796 189 πᾶσι.
820 160 887 188 zr
916 146 1067 191 snm.
1085 159 1206 189 Anv.
1228 159 1448 192 AvAnxr.
1469 152 1558 193 cet.
1631 143 1641 154 '⁴
1671 148 1682 174 *z

328 259 501 314 Gratias
523 263 735 314 debemits
763 267 879 320 Deo,
914 265 990 328 qui
1011 281 1092 330 per
1123 262 1412 313 ministerium
1431 265 1595 328 Lutb'b·

193 337 231 382 ri
264 332 501 382 Ecclesiam
535 333 589 381 ab
617 331 692 379 ista
722 335 898 379 auaritia
925 333 1143 387 liberauit,
1179 344 1420 398 ceteraque
1450 334 1598 398 supet·

192 401 388 456 stitione,
468 418 580 465 quae
615 411 663 447 et:
711 399 847 447 fidem
887 398 1169 448 Christianam
1210 412 1255 447 et
1292 405 1423 448 vitam
1464 400 1599 448 foede

120 522 126 526 κ
195 479 485 535 οοττᾳροτπ,
530 471 578 515 in
617 469 856 532 lucemque
912 466 1096 515 restituit
1150 485 1295 515 veram
1344 466 1597 516 doarsnam

132 552 134 555 '
193 538 449 599 Euangelii‚
505 553 616 598 quae
650 552 833 583 omnem
865 534 985 599 spem
1022 535 1167 581 salutis
1195 535 1250 582 ad
1277 533 1408 598 ipsius
1436 537 1596 583 miseri·

196 604 393 652 cordiam
415 614 460 650 et
490 602 629 651 filium
658 604 751 650 eius
782 603 928 650 Iesum
955 600 1177 650 Christum
1218 620 1300 667 pro
1327 602 1454 650 nobis
1475 610 1595 651 mor}

194 685 327 720 tuum
358 683 562 729 reuocat,
615 670 986 734 commendatque
1017 669 1375 725 beneficentiam,
1420 670 1491 727 sed
1523 686 1596 718 ve·

195 758 311 796 ram,
378 739 571 796 liberam,
640 750 688 785 et
718 737 807 784 fine
853 740 1112 802 cuiusquam
1162 740 1316 785 iniuria
1357 738 1595 801 copiosam.

195 812 294 857 Has
326 809 487 868 gratias
517 804 693 871 publice
720 822 924 867 agamus,
992 807 1188 869 primum
1225 819 1329 852 cum
1358 814 1459 851 toto
1490 804 1596 852 fide-

196 878 308 923 lium
349 887 483 922 coetu
510 877 555 921 in
585 874 669 933 diei
709 871 878 921 crastini
920 872 1200 928 celebritate,
1226 907 1235 913 ,
1261 871 1419 918 deinde
1456 875 1598 919 etiam

194 946 384 1009 proprie
420 946 465 988 in
492 940 599 988 aede
635 941 832 987 Paullina
871 939 924 986 ab
975 941 1084 986 hora
1114 942 1208 986 XII.
1247 956 1352 986 cum
1391 940 1596 1003 precibus

195 1008 424 1072 religiofis,
454 1021 502 1057 vt
532 1010 621 1056 hoc
647 1018 774 1055 tanto
795 1005 1014 1054 beneficio
1044 1016 1090 1053 et
1107 1004 1234 1054 nobis
1260 1016 1307 1054 et
1336 1007 1436 1054 seris
1457 1022 1596 1070 nepo-

194 1079 314 1126 thus
344 1076 650 1126 conseruando
678 1075 800 1122 suam
826 1074 994 1139 filiique
1019 1073 1083 1122 sui
1111 1073 1204 1123 xesu
1229 1070 1390 1124 Christi
1410 1074 1598 1136 gloriam
1671 1096 1676 1100 ’

198 1143 389 1195 illustret.

1518 2683 1603 2730 DE
