1682 3068
26 357 42 394 i

53 151 84 191 *f

604 133 1038 173 cuius-ruina
1428 119 1526 190 3'13

46 203 62 223 ‚t
87 193 90 195 Α

109 244 318 297 felicitati
347 240 523 292 nostrae
544 251 726 288 cautum
745 240 822 298 sit;
853 239 885 288 fi
906 259 984 288 eae
1004 240 1153 288 nullae
1178 238 1338 295 effent,
1367 251 1463 295 ‚aut
1490 240 1524 289 fi

34 282 97 349 ἕ.
111 324 271 363 contra
290 312 354 360 de
384 308 560 370 singulis
587 308 725 356 rebus
754 310 951 357 sanxisset
974 313 1110 365 DeuS‚
1140 308 1388 371 optandum
1407 308 1519 365 fore,

29 402 37 418 ‹
111 393 161 428 vt
175 382 271 437 nati
289 392 382 433 non
398 376 603 425 effemusz
631 379 787 441 itaque
806 394 879 423 eas
896 376 1031 424 rebus
1054 376 1277 435 omnibus,
1308 375 1515 425 omnibus

111 444 424 512 cupiditatibus
443 442 604 492 nostris
621 446 812 492 maiores
835 462 889 491 ac
908 448 1110 508 potiores
1138 444 1236 502 effe,
1270 448 1334 492 eis
1354 443 1515 512 cedere

111 520 261 574 omnia·
278 512 464 562 dobere:
493 512 607 559 nihil
625 513 784 561 melius
810 511 896 559 effe
916 510 1080 569 officio,
1113 514 1151 558 ei
1172 530 1331 560 omnes
1350 514 1509 561 vtilita·

107 579 376 635 monastriis
397 579 610 646 postponi
640 580 823 629 debere:
852 598 911 627 ne
943 579 1030 627 effe
1058 581 1239 645 quidem
1274 582 1510 630 vtilitatem

48 683 53 687 ·
103 650 290 713 aliquam
314 646 449 713 posse,
482 666 597 712 quae
619 666 722 696 cum
745 647 895 697 officio
911 659 1088 712 pugnet
1107 659 1191 696 cet.

199 728 279 778 17.
315 719 372 764 Et
394 717 441 763 hi
461 716 642 780 quidem
662 718 809 764 sensus
830 716 884 763 ad
903 717 1137 777 religionis
1158 714 1384 764 obieaum
1405 733 1507 780 per·

0 778 1 781 Ἰ
32 824 37 827 .
104 785 270 833 tinent:
297 783 351 831 ad
369 784 504 848 ipsam
524 782 722 848 spestant
742 786 900 849 hi„'qui
920 784 976 831 de
995 786 1087 830 eius
1108 776 1360 831 n‘eceffitate
1380 802 1506 848 prae-

103 849 348 916 stantiaque
365 854 427 900 ita
446 850 714 911 decernunt,
737 865 786 901 vt
818 852 925 900 inde
946 854 1198 899 reuerentia
1221 854 1330 907 eius,
1367 870 1506 909 amor,

102 936 208 968 cura
234 919 349 966 nasci
375 917 519 984 poffit.
587 924 739 968 Huius
766 920 889 969 modi
918 920 1031 978 sunt,
1064 937 1205 983 quum
1223 919 1351 970 nobis
1371 920 1504 967 habe-

101 1004 201 1036 mus
219 987 485 1051 persuasum,
520 990 787 1051 religionem
808 988 895 1036 effe
913 1006 1065 1036 rerum
1086 989 1383 1036 humanarum
1402 989 1500 1035 lon-

101 1072 158 1116 ge
186 1058 386 1119 primam,
417 1053 730 1112 sanffiffimam‚
759 1069 806 1104 et
832 1060 1020 1104 maxime
1048 1054 1375 1104 inuiolabilem:
1408 1053 1501 1102 fine

99 1123 318 1184 religione
339 1125 504 1172 nullam
526 1128 714 1173 omnino
748 1126 1117 1191 tranquillitatem
1138 1126 1274 1172 animi
1300 1122 1385 1171 esse
1404 1123 1502 1188 pos·

98 1190 162 1247 sd,
188 1207 339 1255 neque
366 1208 514 1239 veram
540 1193 798 1241 felicitatem
826 1195 978 1243 locum
1001 1192 1189 1239 habere:
1226 1194 1373 1257 itaque
1393 1191 1499 1239 odio

97 1257 262 1321 dignos
277 1255 377 1315 effe,
410 1271 458 1305 et
476 1274 740 1308 communes
768 1266 940 1322 generis
962 1262 1146 1308 humani
1163 1258 1311 1307 hostes
1333 1259 1500 1308 haben·

98 1324 205 1383 dos*
220 1327 302 1389 qui
318 1342 413 1373 eam
434 1326 562 1374 nobis
587 1331 760 1393 eripere
784 1339 986 1375 tentent:
1008 1339 1174 1383 contra,
1192 1346 1308 1391 quae
1326 1328 1381 1374 ad
1401 1343 1501 1375 eam

98 1394 353 1456 patineant
377 1406 455 1442 aut
481 1396 671 1460 aliquam
706 1412 811 1441 cum
838 1413 888 1442 ea
909 1394 1100 1442 habeant
1118 1393 1501 1454 coniunstionem,

98 1476 154 1506 ea
170 1458 314 1508 sanan
331 1462 512 1512 iudicari
533 1475 579 1511 et
597 1465 642 1511 in
662 1464 837 1510 honore
866 1462 1214 1523 haberi-debere,
1244 1475 1295 1511 vt
1314 1463 1501 1512 verbum

98 1525 313 1583 diuinum,
344 1530 624 1587 sacramenta,
655 1530 973 1587 iusiurandum,
1002 1548 1172 1595 preces,
1200 1529 1403 1579 instituta
1421 1548 1500 1596 pu-

95 1592 211 1642 blica
229 1593 284 1641 ad
313 1597 434 1646 verbi
453 1598 825 1663 praedicationem
853 1608 987 1662 atque
1013 1600 1352 1659 intelligentiam
1374 1616 1498 1650 com-

80 1673 261 1727 param,
294 1665 420 1714 verbi
440 1667 579 1714 diuini
594 1669 860 1730 interpretes
879 1684 930 1713 ac
946 1663 1166 1726 dostores,
1198 1678 1244 1714 et
1266 1668 1345 1715 alia
1364 1668 1497 1715 huius

67 1766 73 1774 ,
94 1732 286 1791 generis.

97 1805 270 1861 &Q
299 1805 403 1847 Nec
423 1803 570 1848 minus
596 1802 808 1866 praeclari
836 1810 882 1847 et
901 1799 1122 1849 necess'arii
1146 1800 1200 1848 ad
1223 1800 1495 1865 disciplinam

94 1862 383 1919 Chfflnam
409 1868 510 1915 sunt
537 1869 683 1916 sensus
704 1869 760 1916 de
780 1868 914 1916 rebus
944 1870 1205 1934 expetendis
1224 1882 1298 1916 aut
1316 1870 1494 1932 fugien-

92 1929 183 1986 dis,
204 1949 398 1996 quorum
418 1938 693 2001 praecipuos,
721 1954 815 1998 age,
846 1937 1082 1985 videamus.
1152 1941 1310 1991 Quum
1331 1955 1492 1985 omnes

93 2001 284 2055 mnino
310 2002 515 2049 homines
536 2004 582 2049 in
610 2020 665 2050 eo
697 2004 986 2063 consentiant,
1022 2017 1068 2051 vt
1094 2005 1243 2052 felices
1273 2003 1356 2051 effe
1376 2004 1490 2053 fieri—

94 2071 425 2134 qpewcupiann
450 2072 498 2115 in
526 2070 612 2134 ipsa
638 2070 871 2125 felicitate,
897 2075 989 2120 eius
1025 2084 1207 2130 natura,
1243 2072 1409 2129 cauffis,
1444 2084 1491 2120 et

92 2134 335 2196 quaerendi
354 2135 506 2191 modo,
536 2147 726 2201 quantus
754 2137 815 2185 est
842 2138 1066 2187 diffensus!
1111 2150 1275 2203 quanta
1295 2139 1484 2188 inscitia!

92 2203 252 2263 Itaque
267 2204 384 2251 nihil
401 2207 540 2266 magis
558 2201 842 2253 necessarium
862 2207 933 2264 est,
954 2225 1085 2271 quam
1110 2219 1157 2254 vt
1177 2207 1382 2254 homines
1405 2201 1486 2255 im'-

72 2266 192 2316 ‘buti
206 2269 292 2318 fint
322 2270 512 2319 senfibus
546 2270 678 2320 restis
699 2273 757 2319 de
775 2273 981 2322 felicitate
1002 2275 1105 2338 ipsa,
1138 2287 1234 2321 tum
1258 2274 1315 2320 de
1335 2293 1484 2323 rerum

90 2341 298 2390 omnium
320 2343 482 2405 pretio,
514 2357 568 2386 ex
587 2342 630 2388 vi
654 2343 868 2406 cuiusque
888 2342 942 2389 ad
960 2342 1213 2389 felicitatem
1233 2341 1484 2395 statuendot

90 2404 142 2451 in
168 2424 262 2471 quo
293 2410 495 2455 cernitur
520 2407 741 2473 sapientia,
775 2427 885 2473 quae
915 2413 1103 2456 maxime
1133 2409 1194 2456 est
1222 2412 1269 2456 in
1296 2412 1407 2467 hoc,
1438 2423 1487 2458 vt

89 2472 156 2521 rei
175 2477 391 2540 cuiusque
412 2478 606 2540 pretium
625 2474 744 2523 reste
771 2475 981 2534 aestimes,
1015 2489 1061 2523 et
1090 2477 1331 2526 secundum
1354 2479 1396 2525 id
1418 2479 1487 2526 vel

84 2555 227 2601 fimes,
261 2555 462 2607 appetas,
493 2544 561 2590 vel
587 2557 869 2602 contemnaS,
894 2545 1102 2610 repudies
1127 2557 1231 2595 cet„
1291 2552 1490 2612 Oportet

32 2661 36 2670 ἢ
89 2607 229 2672 igitur
255 2614 456 2660 animum
479 2612 675 2661 hominis
696 2610 924 2661 Christiani
952 2611 1113 2662 talibus
1138 2611 1326 2663 sensibus
1349 2615 1487 2663 imbu-

796 2685 838 2730 V
872 2699 903 2745 4
1392 2694 1491 2729 tum
