1682 3068
204 138 299 197 306
651 149 1152 180 naxuscxpznsa

159 305 163 310 ,
203 259 279 314 cit,
306 265 354 303 vt
377 271 560 304 omnem
578 252 849 319 disciplinam
873 273 924 302 ea
952 253 1190 320 compleffi
1208 255 1435 306 videatur..
1461 289 1469 305 ·.
1489 263 1608 307 Con·

203 337 271 372 tra
293 322 627 370 inconstantiam
646 325 690 369 in
712 321 830 380 reste
850 322 1023 383 agendo
1046 325 1107 369 ait
1126 322 1214 370 'effe
1231 324 1278 370 in
1298 325 1362 379 iis,
1390 327 1466 390 qui
1487 344 1606 376 exer-
1667 329 1675 368 Γ·

206 394 416 447 citatione
443 408 537 438 non
566 402 771 437 vtantur:
809 389 901 437 Lib.
920 395 974 438 11.
995 408 1038 454 p.
1061 393 1169 451 386.
1195 389 1246 442 τό
1264 393 1511 448 πολλάκις·
1527 413 1607 456 με·
1672 386 1682 430 -3

205 461 376 514 τανοεῖν,
407 458 481 519 naq*
508 452 791 512 ἐπιτηδειότης
810 460 864 514 εἰς
883 454 1115 527 εὐτξεψίαν
1135 457 1218 513 ἐςὶν
1240 456 1293 524 ἐξ
1312 459 1606 516 dvcto-unctae·
1679 464 1682 472 “

197 530 327 594 fizepe
348 532 575 590 poenitere,
609 537 650 573 et
671 529 915 588 procliuitas
936 532 991 573 ad
1016 526 1341 590 inconstantiam,
1373 529 1431 590 est
1455 546 1477 575 e
1498 531 1608 590 desb-

203 597 272 645 ἑῖιι
290 597 623 648 exercitationis;
653 595 698 641 in
718 611 809 658 quo
830 593 936 641 dicit
956 592 1040 641 effe
1060 596 1242 657 μελέτην
1267 594 1508 662 ἁμαρτιῶν,-
1537 615 1607 644 ex-
1676 630 1680 635 -

205 667 486 712 ercitationem
495 665 700 725 peccandi.
734 665 942 727 Denique
963 662 1079 709 hanc
1111 661 1408 710 necessitatem
1425 661 1608 712 adstruit

202 733 349 786 locus,
382 732 508 777 cuius
535 730 664 794 supra
692 731 864 777 mentio
891 727 1001 776 fasta
1029 726 1108 787 est,
1139 730 1280 777 Paulli
1307 733 1420 793 Eph.
1454 727 1536 787 Vl,
1562 749 1611 794 4,

204 799 280 847 vbi
299 797 446 846 liberis
467 796 706 844 educandis
725 796 848 844 iube't
866 795 1109 862 Apostolus
1131 814 1224 844 non
1244 798 1384 846 modo
1401 789 1610 852 v39ect'au
1671 829 1675 831 -

204 865 521 934 praecipiendo
551 864 865 930 hortandoque
896 863 1116 920 adhiberi,
1147 878 1196 912 vt
1224 865 1331 930 quid
1362 877 1408 914 et
1443 865 1610 931 quibus

206 936 261 982 de
281 932 430 982 cauffis
453 932 642 979 debeant
662 932 820 991 facere,
853 933 1141 995 cognoscant,
1163 931 1192 978 si
1215 931 1301 980 esse
1322 935 1459 980 velint
1479 934 1607 982 Chri-
1678 960 1679 964 =

203 1002 338 1060 stiani,
370 1001 443 1048 sed
462 1003 596 1047 etiam
617 994 820 1050 παιδείαν
840 1003 864 1047 i.
884 1019 920 1048 e.
943 1000 1229 1065 disciplinam,
1250 1018 1330 1065 per
1347 1019 1478 1066 quam
1499 1007 1606 1049 con-

203 1071 402 1118 suescant
418 1069 565 1116 facere
594 1066 807 1127 officium,
841 1079 888 1116 et
914 1068 1084 1116 facilius
1104 1079 1239 1133 atque
1257 1068 1468 1117 libentius
1487 1070 1605 1117 sace-

202 1156 252 1186 re
279 1139 456 1185 discant.

309 1222 380 1254 12.
418 1205 595 1251 Vtilitas
625 1214 775 1254 autem
813 1203 912 1250 talis
946 1202 1200 1268 disciplinae
1226 1204 1379 1252 multis
1408 1222 1460 1252 ac
1478 1205 1609 1251 lucu-⁷
1676 1205 1682 1261 ἦ

198 1274 330 1321 lentis
355 1273 568 1337 exemplis
586 1282 632 1317 et
653 1269 913 1318 cunstarum
933 1275 1208 1333 gentium-ret
1227 1268 1500 1332 {iugulorum
1521 1272 1603 1318 ho·

188 1344 372 1388 ‘minum
405 1341 502 1387 satis
533 1339 719 1399 intelligi
756 1336 910 1404 potest.
980 1343 1154 1386 Omnes
1175 1341 1365 1386 omnino
1389 1341 1606 1395 ciuitates,-
1670 1339 1682 1387 j

197 1426 312 1474 quae
331 1411 519 1455 maxime
544 1405 809 1463 floruerunt,
841 1405 1111 1470 disciplinam
1140 1406 1397 1454 habuerunt
1427 1407 1605 1472 propri-²
1675 1400 1682 1440 s

194 1494 266 1524 am
288 1487 421 1542 atque
451 1476 635 1523 solerter
656 1493 681 1521 a
700 1477 801 1522 viris
822 1474 1116 1539 prudentibus
1138 1476 1460 1536 excogitatam3
1487 1475 1614 1520 inter,

195 1562 304 1610 quas
350 1548 560 1609 Spartana
590 1545 787 1606 Lycurgi
824 1544 1024 1606 inprimis
1073 1542 1343 1596 celebratur,
1398 1544 1601 1605 itemque

194 1611 478 1660 Atheniensis
494 1622 537 1657 et
548 1613 769 1656 Romana:
789 1612 917 1673 eique
930 1608 1180 1671 disciplinae
1199 1609 1420 1656 ciuitatem
1449 1625 1598 1672 quam·

194 1697 282 1744 que
305 1677 499 1727 debuisse
519 1681 796 1723 incrementa
816 1676 891 1722 sua
911 1687 958 1722 et
976 1675 1250 1730 felicitatem,
1277 1674 1601 1740 prudentissimi

193 1749 423 1794 ciuitatum
455 1744 779 1807 gubernatores
808 1743 1070 1789 iudicauere.
1138 1745 1196 1789 Et
1222 1743 1294 1790 illa
1312 1754 1384 1790 tot
1402 1760 1455 1789 ac
1476 1753 1599 1790 tanta

194 1815 396 1879 exempla
420 1814 668 1878 patientiae,
704 1809 988 1865 constantiae,
1017 1809 1350 1868 moderationis,
1379 1809 1599 1858 abstinen-
1671 1800 1680 1831 '·

197 1886 296 1939 tiae,
328 1879 609 1929 fcrtitudinis
630 1889 711 1926 cet.
734 1895 848 1943 quae
876 1896 959 1926 nos
980 1875 1209 1941 stupemus
1235 1888 1282 1926 et
1303 1895 1447 1943 prope
1467 1878 1597 1942 supra
1667 1887 1679 1918 21

194 1949 330 1997 fidem
362 1947 447 1996 effe
477 1959 702 2013 putamus»,
733 1962 873 2010 quum
895 1946 949 1993 ab
968 1944 1228 1993 hominibus
1250 1964 1275 1992 a
1294 1962 1396 1993 vera
1415 1945 1593 2007 religio-

194 2035 254 2064 ne
281 2019 435 2065 alienis
465 2017 579 2063 edita
609 2018 868 2080 reperimuS,
903 2015 1004 2078 quia
1022 2012 1188 2077 pudori
1214 2012 1344 2061 nobis
1364 2014 1477 2068 sunt,
1511 2029 1596 2059 nec

190 2085 332 2133 modo
364 2104 386 2132 a
407 2082 698 2148 Philosophis‚
728 2095 778 2128 vt
806 2084 964 2129 Stoicis
994 2082 1211 2146 inprimis,
1241 2081 1314 2128 sed
1343 2083 1475 2128 etiam
1501 2081 1593 2126 aliis

188 2154 351 2210 multis,
385 2149 592 2218 profesto
614 2167 707 2197 non
737 2160 829 2197 tam
850 2149 1055 2197 scientiae
1074 2166 1205 2214 quam
1227 2148 1479 2213 disciplinae
1498 2149 1592 2196 fue-
1663 2167 1665 2174 ¹

188 2233 308 2268 runt.
377 2228 446 2268 Ac
473 2217 632 2275 similia,
666 2229 801 2281 atque
833 2220 966 2264 ctiam
996 2219 1163 2264 maiora
1193 2216 1295 2263 sunt
1321 2214 1590 2264 Christiano-
1676 2228 1678 2230 ’

186 2307 287 2336 rum
318 2288 533 2343 veter'um,
570 2306 593 2333 a
615 2285 777 2350 quibus
812 2289 975 2349 pariter
1002 2285 1422 2349 pudoriniiceretur
1440 2282 1589 2340 nobis,
1666 2297 1675 2308 ‘

185 2355 218 2403 fi
241 2375 290 2404 ea
314 2355 453 2404 modo
473 2355 724 2402 audiremus
746 2363 823 2400 aut
844 2354 1118 2414 legeremus;
1152 2353 1272 2418 quod
1300 2349 1456 2398 nostris
1474 2362 1587 2398 tem-

182 2423 371 2488 poribus
404 2424 541 2484 vulgo
582 2423 897 2476 contemnitur,
934 2438 1024 2468 non
1058 2417 1148 2466 fine
1177 2417 1505 2474 Christianismi,
1539 2427 1588 2464 vt
1657 2439 1677 2457 a

185 2494 450 2556 opinamur,
490 2490 799 2536 incommodo.
889 2491 1154 2544 Enimuero,
1208 2486 1329 2552 quod
1356 2503 1480 2534 nunc
1508 2495 1585 2532 aut
1673 2501 1677 2509 ·

178 2559 311 2615 nulla,
348 2570 423 2604 aut
441 2561 573 2604 nimis
596 2575 690 2604 rara
711 2557 812 2603 sunt
843 2557 941 2603 talia
958 2558 1129 2603 virtutis
1147 2551 1414 2602 Christianae
1438 2570 1580 2599 esem-

176 2625 264 2692 pla,
299 2641 392 2673 non
413 2623 679 2674 Christianae
706 2626 936 2686 religionis
971 2635 1017 2671 et
1048 2625 1170 2671 verbi
1202 2622 1339 2669 diuini
1358 2621 1488 2686 culpa
1506 2619 1580 2698 ιβ,

1507 2704 1575 2735 an
