1682 3068
0 132 13 162 l

0 163 11 181 Ρ

77 120 98 142 2⁴·

593 134 1019 166 cnam-naua
1412 124 1543 180 319‘

167 261 321 313 prope
338 240 624 292 nunahonae
644 237 898 304 disciplinae
911 207 1083 303 vestigia
1100 241 1510 306 appas-eantetvere

106 315 134 373 j
176 310 923 376 ristianae-‚fuppormnitatemque
951 310 1109 357 aetatis
1147 308 1204 354 ad
1226 307 1510 374 reeipiendus

99 377 545 437 sensuschiiffianos
557 374 647 422 fine
667 373 817 423 frussu
836 379 996 440 perire.
1039 381 1154 424 Non
1174 376 1265 426 hoc
1281 376 1329 422 et
1344 373 1511 440 pudori

105 449 198 509 effe
213 448 349 496 debet
364 444 643 502 christianis,
681 454 729 490 et
749 443 958 494 dedecori
987 441 1048 488 est
1077 445 1284 506 religioni
1312 440 1510 491 sank‘ciffi-

101 517 330 634 333³?
333 513 420 628 231}
455 511 1142 626 εὲἓὲεᾊηῖἶέῗὲἵξὲῥῳῇὀῗῧᾰε
1161 512 1357 625 {25³²}
1386 509 1513 625 Ξῗῗέἔῗ

101 612 269 719 p‘liuam
290 598 527 715 garenffum
557 616 787 694 t’enuerint
812 644 884 693 tot
912 594 1123 693 liomgines
1152 596 1514 703 vniuspciuitatis,

102 721 425 772 vt—Romanae,
469 733 547 763 eos
577 718 694 762 inter
715 712 986 762 Christianos
1016 725 1110 760 tam
1137 730 1262 760 raros
1283 712 1391 768 else,
1430 731 1514 778 per

103 785 405 850 ignorantiam
427 795 482 830 et>
495 784 818 844 negligentiam
835 781 1095 846 ‘disciplinae
1111 784 1260 828 verae!
1296 780 1383 826 Sed
1404 798 1515 845 que-

27 868 30 871 ·
105 854 221 904 relus
239 854 323 917 hic,
335 856 591 904 mittamus:
630 851 883 916 disciplinae
903 851 1037 897 huius
1056 850 1250 896 formam
1264 851 1420 913 potius
1438 850 1514 896 ad·-

105 921 376 973 mbremus.
952 956 955 957 ν

107 1007 111 1011 ’
145 1023 150 1027 -
205 1006 280 1048 24.
312 989 508 1035 Primum
526 987 685 1049 igitur,
713 986 789 1049 qui
808 983 1003 1032 sensibus
1022 986 1107 1051 piis
1127 982 1415 1048 honestisque
1437 1002 1515 1032 vo-

103 1059 169 1107 kt
193 1056 393 1105 imbuere
413 1066 592 1102 teneros
620 1055 816 1110 animos,
862 1055 1036 1118 quoties
1064 1053 1122 1100 de
1146 1052 1280 1100 rebus
1300 1053 1514 1100 *bunnoiz

102 1124 527 1173 neterrenissermo
548 1123 779 1178 inciderit,
814 1120 870 1168 de
895 1122 1068 1178 diuitiis,
1096 1120 1514 1175 honoribus,:rebus

106 1190 311 1242 fnanibus
327 1190 380 1238 ad
400 1191 543 1236 sensus
573 1206 841 1254 corporeos,
874 1191 1145 1254 ceterisque,
1180 1192 1226 1236 in
1254 1189 1429 1255 quibus.
1450 1186 1515 1236 est

107 1259 185 1309 tut
201 1262 355 1324 aliquis
377 1257 606 1322 splendor,
637 1261 718 1322 qui
734 1274 892 1322 capere
913 1258 1072 1305 oculos
1094 1256 1245 1322 possit,
1277 1269 1327 1303 vt
1346 1258 1516 1318 magni-

109 1327 290 1376 fioentia
315 1324 498 1375 vestium
529 1337 792 1388 ceteraeque
820 1323 1124 1390 supellefililis,
1161 1342 1247 1370 nec
1275 1326 1424 1371 minus
1457 1324 1514 1371 de

107 1395 234 1442 malis
256 1395 484 1451 humanis,
519 1391 575 1439 de
597 1403 877 1458 paupertate,
914 1394 1184 1446 humilitate,
1221 1393 1404 1447 dolore,
1448 1391 1517 1440 di·

108 1474 183 1510 cet
200 1462 254 1508 de
273 1464 324 1509 iis
347 1462 416 1508 vel
436 1462 718 1515 contemtim,
735 1460 804 1506 vel
825 1476 928 1507 cum
948 1462 1089 1526 aliqua
1114 1455 1377 1525 α’δὶοιφοξῖᾳ,
1397 1476 1514 1523 quae

107 1540 317 1594 appareat
341 1531 474 1576 etiam
505 1546 532 1574 e
561 1529 672 1576 sono
705 1529 826 1574 vocis
855 1529 1074 1591 vultuque
1099 1529 1220 1592 ipso:
1263 1545 1358 1575 non
1390 1543 1515 1576 com-

106 1594 335 1645 mendabit
351 1596 568 1643 roratione
595 1607 674 1643 aut
692 1596 819 1642 vultu
845 1599 995 1660 pueris
1021 1597 1088 1643 sua
1109 1596 1225 1643 dona
1249 1594 1432 1642 vestium
1465 1607 1516 1645 et

106 1662 508 1720 similiumserum‘,
543 1680 628 1711 nec
647 1680 696 1710 ea
715 1674 852 1724 coget
869 1664 1055 1728 pulchra
1074 1664 1260 1719 ducere,
1291 1675 1340 1711 vt
1362 1661 1441 1710 fibi
1464 1667 1515 1714 in

104 1735 157 1780 iis
170 1733 400 1798 placeant:
430 1747 536 1778 'non
565 1733 610 1778 in
641 1734 823 1796 praemii
851 1731 953 1779 loco
984 1743 1215 1796 proponet
1242 1729 1399 1778 officiis
1429 1732 1514 1780 ser-

105 1800 256 1848 vandis
279 1797 605 1853 oblessamenta
631 1800 857 1856 sensuum;
902 1817 1013 1864 quae
1041 1801 1094 1846 ad
1124 1801 1259 1847 solam
1287 1800 1513 1848 necessita·

105 1879 201 1916 tem
220 1867 389 1915 referre
407 1878 456 1914 et
475 1867 680 1932 vsurpare
698 1867 892 1915 docebit.
969 1872 1042 1916 De
1060 1867 1197 1915 rebus
1220 1879 1379 1915 contra
1399 1869 1513 1917 diui·

106 1937 201 1992 nis,
244 1935 299 1981 de
318 1936 553 1995 religione,
596 1947 642 1980 et
658 1934 793 1981 rebus
813 1935 868 1982 ad
884 1953 983 1982 eam
1013 1935 1344 2001 pertinentibus
1363 1939 1513 1984 omni-

104 2002 211 2058 bus,
249 2000 305 2047 de
326 2004 492 2048 virtute
512 2012 559 2047 et
585 1998 760 2058 officio,
800 2001 855 2049 de
876 2002 997 2051 reae
1028 2002 1171 2062 fastis,
1211 2006 1267 2051 ita
1297 2004 1514 2068 loquetur

107 2069 302 2134 semper,
331 2079 380 2115 vt
398 2071 647 2116 reuerentia
665 2071 820 2126 animi,
862 2083 907 2118 et
927 2072 1176 2129 admiratio,
1219 2085 1266 2119 et
1288 2089 1416 2119 amor
1435 2089 1513 2120 eo-

105 2154 210 2184 r-um
228 2137 380 2183 sentiri
397 2136 543 2201 possit.
613 2140 738 2183 Tum
759 2147 804 2182 et
822 2154 904 2201 per
918 2141 1041 2197 tales,
1073 2151 1121 2186 et
1140 2157 1221 2204 per
1242 2156 1399 2187 omnes
1408 2140 1512 2188 alias

110 2203 374 2260 occasiones,
403 2203 548 2251 sensus
567 2204 678 2258 illos,
715 2206 863 2269 quales
884 2206 1009 2271 supra
1027 2207 1357 2272 proposuimus,
1393 2205 1511 2256 fimi-

104 2271 283 2336 lesque,
324 2282 556 2336 proponet
583 2288 671 2335 pro
700 2284 835 2335 captu
863 2277 1039 2330 aetatis,
1081 2274 1342 2330 inculcabit,
1387 2293 1509 2324 com-

102 2339 328 2388 mendabit
346 2341 550 2387 oratione
569 2341 694 2400 graui
717 2342 883 2403 pariter
901 2354 1035 2406 atque
1056 2343 1227 2390 blanda.
1285 2345 1514 2409 Inprimis·

82 2423 192 2472 ,que
217 2406 456 2463 laborabit,
497 2419 547 2453 vt
575 2420 784 2454 acuantur
814 2411 950 2455 animi
979 2410 1032 2456 ad
1060 2410 1231 2457 sensum
1260 2410 1509 2475 sapientiae,

103 2491 216 2539 quae
231 2475 280 2523 in
299 2473 384 2522 istis
404 2472 594 2521 sensibus
616 2473 746 2530 inest,
776 2477 824 2521 in
847 2480 1093 2541 praeceptis
1114 2494 1272 2525 eorum
1293 2491 1341 2526 et
1360 2497 1508 2528 exem·

83 2541 208 2606 plis,
251 2543 656 2596 >commemoranda
681 2543 862 2591 illorum
892 2545 1064 2592 amabili
1098 2545 1367 2603 salubritate,
1411 2550 1506 2596 lau·

106 2608 243 2657 danda
268 2611 432 2659 horum
453 2610 812 2675 pulchritudine,
852 2616 1039 2661 maxime
1068 2613 1249 2681 quidem
1270 2633 1412 2682 quum
1442 2617 1504 2663 le-

232 2700 238 2705 ·
1388 2693 1503 2745 gent
