1682 3068
307 165 377 196 11
402 159 697 194 marmanum:
735 156 1147 190 consurvtnnA
1354 153 1448 187 201

19 268 32 276 ⁹
51 271 257 330 &ersus
274 272 424 320 Deiim
445 266 591 318 officia
612 266 715 313 sunt
733 263 1054 313 constituenda.
1089 263 1269 311 Etenim¹
1291 259 1454 328 assidua

24 334 336 393 ‘fabedientiae
352 342 401 386 in
417 341 565 386 Deum
584 333 853 382 exercendae
884 332 1114 380 occasione
1135 347 1284 391 curere
1304 331 1453 378 homi·

53 427 135 458 nes
156 425 242 456 nec
261 406 442 463 debent,
473 420 562 452 nec
581 395 776 468 possunt,
802 412 1056 466 propterea,
1087 399 1209 465 quod
1230 400 1294 446 nil
1315 397 1454 458 magis

54 477 118 526 'est
137 472 434 529 necessarium,
451 488 596 537 'quam
615 470 791 518 homini
821 469 913 515 hoc
931 469 1065 532 plane
1086 467 1336 532 persuasum
1357 463 1457 520 effe,

57 558 108 594 vt
121 549 224 592 Deo
244 539 542 596 obeffiendum
561 538 719 593 credat,
750 539 975 599 huiusque
994 535 1280 596 obligationis
1297 545 1344 582 et
1362 531 1459 582 offi-

56 615 120 661 eii
137 612 259 660 sensu
280 616 518 658 moueatur
545 608 732 671 anirnus,
762 621 864 653 cum
889 603 1057 651 summa
1076 607 1163 651 Dei
1188 604 1459 656 reuerentia

59 697 148 728 nec
162 674 349 728 siueffli
366 675 493 723 sensu
512 691 566 722 ac
590 673 865 739 persuasione
889 688 991 718 vera
1017 674 1157 736 pietas
1186 668 1274 718 effe
1305 667 1465 734 potest.

60 750 312 803 Enimuero,
339 760 454 800 eam,
488 759 621 805 quarn
642 751 744 789 ante
764 738 1080 804 descripsimuS,
1106 756 1257 785 rerum
1281 755 1331 784 ac
1349 748 1463 785 tem-

59 816 225 882 porum
247 814 470 861 rationem
498 808 625 858 fuisse
651 812 699 856 in
728 810 953 875 principio
982 824 1132 854 rerum
1155 807 1463 861 humanarum,

59 883 367 940 heile-omnes
396 879 566 934 vident,
602 894 708 925 cum
729 888 915 942 propter
932 877 1201 938 paucitatem
1222 874 1462 921 hominum

57 949 179 999 bulla
198 948 380 997 societas
389 956 469 995 aut
485 947 702 995 societatis
716 948 807 993 iura
827 956 875 992 et
895 941 1039 991 officia
1058 941 1211 998 essent,
1231 953 1278 988 et
1300 958 1461 988 omnes

58 1033 204 1083 prope
224 1016 422 1064 hominis
437 1012 632 1062 ustiones
654 1024 862 1061 externae
882 1014 929 1058 in
949 1012 1045 1076 ipso
1065 1020 1360 1066 verterentur,
1378 1024 1463 1055 nec

27 1110 31 1113 ·
60 1081 220 1132 iustitia
237 1095 314 1132 aut
332 1084 542 1148 aequitas,
573 1092 649 1129 aut
667 1080 918 1142 benignitas
937 1080 1127 1140 intelligi
1146 1075 1303 1144 posset.

158 1165 235 1214 27.
269 1157 554 1215 Quamquam
573 1149 704 1197 nobis
725 1166 819 1197 non
851 1146 916 1196 est
942 1165 1056 1213 opus
1076 1148 1148 1194 illa
1165 1146 1465 1211 disputatione

60 1218 335 1276 necessitatis,
366 1235 451 1266 nec
477 1220 714 1282 quicquam
741 1218 864 1279 cogit
881 1232 977 1273 nos,
1004 1227 1102 1263 tum
1122 1213 1303 1262 demum
1324 1229 1466 1274 agno-

63 1287 184 1335 scere
202 1303 254 1334 ac
272 1286 461 1351 probare
481 1284 810 1332 arbim-ariorum
833 1281 1087 1331 officiorum
1111 1284 1247 1344 leges,
1267 1299 1371 1329 cum
1391 1281 1469 1327 ali·

64 1371 157 1417 qua
183 1355 281 1401 salis
311 1353 542 1418 perspicua
570 1351 797 1399 necessitas
825 1350 979 1398 subest.
1045 1352 1250 1397 Omnino
1270 1349 1384 1396 mihi
1405 1350 1468 1395 vi·

66 1420 234 1468 dentur
250 1438 407 1485 pamm
425 1419 639 1467 subtiliter
655 1417 1082 1480 accommodateque
1102 1418 1156 1464 ad
1177 1428 1379 1464 naturam
1402 1418 1468 1463 in·

66 1489 317 1550 telligentia
331 1499 378 1535 et
397 1488 601 1535 libertate
620 1485 918 1551 praeditarum
931 1483 1265 1533 substantiarum
1277 1484 1468 1548 disputa·

65 1572 130 1612 re,
162 1559 239 1620 qui
258 1558 302 1602 in
320 1557 535 1616 religione
555 1557 707 1602 omnia
728 1554 781 1600 ad
811 1553 1107 1601 necessitatem
1126 1550 1315 1616 aliquai'n
1338 1568 1470 1599 reuo-

63 1632 184 1678 cant,
212 1640 296 1670 nec
314 1625 552 1688 quicquam
575 1621 778 1686 probant,
799 1622 922 1685 quod
942 1638 1034 1668 non
1054 1639 1077 1667 a
1095 1618 1338 1667 necessariis
1358 1617 1471 1666 caus·

66 1689 122 1738 sis
138 1688 339 1738 ducatur.
408 1692 680 1738 Animalium
699 1706 858 1737 eorum
880 1688 955 1737 ista
974 1689 1179 1736 conditio
1198 1686 1273 1743 est,
1301 1689 1348 1735 in
1372 1687 1470 1751 qui·

67 1757 155 1806 bus
182 1759 307 1806 nulla
334 1757 609 1818 intelligendi
637 1760 716 1816 vis,
747 1758 870 1804 nulla
902 1756 1077 1804 libertas
1104 1754 1239 1812 inest,
1270 1766 1330 1812 vt,
1358 1753 1469 1801 sicut

68 1822 150 1891 ipfi
177 1825 418 1874 necessitati
446 1826 618 1872 cuidam
646 1828 692 1872 in
719 1825 856 1873 rebus
883 1825 1095 1873 omnibus
1132 1821 1325 1872 subiefita
1356 1823 1471 1877 sunt,

69 1893 193 1958 quod
219 1893 308 1958 ipsa
326 1894 370 1941 se
383 1910 539 1954 regere
565 1910 661 1940 non
681 1892 879 1959 possunt,
912 1892 970 1940 sic
989 1895 1036 1939 in
1055 1895 1107 1940 iis
1127 1891 1321 1946 tuendis,
1351 1891 1470 1937 alen·

70 1960 155 2014 dis,
186 1959 420 2008 maandis
441 1960 751 2025 fingendisque
770 1962 823 2009 ad
842 1973 1006 2008 certam
1034 1977 1084 2008 ac
1106 1958 1387 2007 necessariam
1407 1959 1470 2004 le·

74 2043 190 2088 gem,
218 2027 274 2076 ab
291 2029 488 2091 ipsorum
507 2027 866 2084 naturaduRam,
895 2031 1049 2076 omnia
1069 2028 1331 2084 referantur,
1357 2026 1472 2072 vltra

72 2110 209 2158 quam
238 2094 448 2158 progredi
475 2111 567 2142 non
598 2096 738 2143 lineat.
807 2100 888 2144 Eas
906 2094 1122 2158 angustias
1143 2094 1382 2159 repudiant
1402 2095 1472 2139 in·

73 2163 323 2222 telligentia
343 2173 391 2208 et
410 2162 598 2220 libertas,
629 2179 713 2209 nec
730 2164 781 2210 iis
804 2165 895 2211 vllo
915 2163 1055 2211 modo
1074 2164 1116 2210 se
1138 2159 1258 2227 quasi
1286 2164 1332 2207 in
1354 2160 1475 2207 ordi·

72 2245 179 2277 nem
198 2231 301 2290 cogi
320 2232 563 2293 patiuntur.
612 2231 706 2295 Ipsa
727 2244 885 2278 natura
903 2243 950 2279 et
967 2231 1109 2279 sensus
1130 2230 1383 2276 communis
1404 2245 1473 2274 re·

74 2299 304 2346 clamitant
321 2297 395 2344 tali
417 2297 666 2356 necessitati,
684 2315 776 2345 non
796 2299 938 2347 solum
958 2310 1145 2364 propter
1164 2302 1327 2352 Deum,
1346 2297 1473 2343 cuius

68 2363 247 2412 'infinita
264 2361 326 2409 est
344 2366 645 2426 intelligentia,
679 2365 856 2413 libertas
892 2377 1040 2414 autem
1071 2367 1271 2419 maxima,
1300 2363 1473 2411 eadem·

19 2476 46 2499 ἐγ
74 2449 169 2496 que
195 2429 461 2488 sanstissima,
491 2431 564 2479 sed
592 2435 725 2480 etiam
754 2444 940 2497 propter
966 2435 1220 2489 hominem,
1251 2430 1306 2478 ad
1335 2448 1475 2496 quem

14 2531 20 2534 <
76 2498 199 2549 istius
223 2501 543 2561 intelligentiae
562 2511 610 2547 et
626 2499 836 2548 libertatis
855 2503 999 2566 aliqua
1018 2517 1117 2564 pars
1138 2502 1358 2565 pervenit.
1402 2502 1475 2546 In-

16 2611 28 2626 „
78 2567 352 2628 telligentiae
371 2569 533 2625 omnis,
554 2571 683 2615 etiam
703 2569 935 2627 humanae,
968 2568 1134 2616 nedum
1152 2568 1344 2622 diuinae,
1362 2567 1475 2613 haec

53 2642 65 2665 ³·
78 2638 150 2684 vis
171 2633 245 2693 est,
280 2628 458 2685 vt'nom
471 2635 611 2685 modo
629 2634 857 2683 necessaria
875 2638 1107 2699 intelligat,
1135 2651 1278 2702 ecque
1298 2636 1474 2682 ratioci-

747 2708 796 2752 N
831 2720 863 2767 5
1325 2701 1475 2749 nando
