1682 3068
172 135 268 182 ,242
509 135 784 168 vnvmcIAss
814 138 1066 170 Annlrnn
1102 138 1276 173 mlex

171 245 302 291 tertia
325 251 450 307 parte
470 243 596 289 claris
623 256 669 290 et
696 262 789 293 non
818 245 1070 294 refellendis
1093 250 1366 298 araumentis
1387 248 1572 299 demon-

171 310 406 358 straturum
425 310 624 358 confido:
653 322 803 360 tamen
822 314 948 360 nullo
970 314 1105 360 modo
1125 317 1169 361 in
1193 332 1245 360 ea
1263 317 1453 378 intelligi
1471 330 1572 382 pot-

171 379 234 426 est
251 377 477 425 neceffitas
500 380 652 442 aliqua.
689 391 872 445 propter
901 398 1032 444 quam
1056 385 1176 428 Deus
1197 384 1320 429 hunc
1337 383 1571 449 sperandae

171 446 542 510 accipiendaeque
569 447 710 494 salutis
741 447 927 495 modum
957 447 1163 496 statuerit.
1229 454 1350 498 Nam
1371 453 1572 516 primum

169 532 266 562 non
298 513 426 560 decet
454 514 678 568 homines,¹
703 517 768 562 his
799 517 984 562 vinculis
1016 515 1317 578 constringere
1340 518 1573 567 arbitrium

167 582 388 635 diuinum,
408 592 455 628 vt
477 584 515 627 ei
536 578 694 628 lieuifl'e
715 596 892 642 negent,
916 580 1005 629 fine
1024 585 1098 630 tali
1118 585 1388 643 conditione,
1401 599 1570 650 partam

166 658 203 698 a‘
215 648 390 697 Christo
410 649 587 695 salutem
609 648 711 695 dare
732 650 1001 697 hominibus.
1069 655 1265 716 Impium
1287 651 1359 709 est,
1394 665 1441 701 et
1459 672 1482 700 a
1501 672 1569 702 re-

167 716 236 766 Ra
255 720 424 765 ratione
434 716 640 773 alienum,
660 716 690 763 si
710 721 806 780 quis
833 721 982 764 Deum
1002 730 1134 777 cogat
1153 718 1371 767 beneficia
1389 721 1459 768 sua
1479 719 1569 767 fine

167 786 425 833 conditione
445 782 649 839 tribuere,
679 786 850 831 nullam
870 786 1116 849 accipiendi
1139 788 1284 847 legem
1305 805 1487 852 ponere,
1506 799 1569 836 .vt

165 856 307 920 prima
327 852 620 916 disputatione
651 854 864 899 vicimus:
899 853 971 898 sed
1000 870 1086 899 nec
1105 853 1211 900 illud
1231 856 1326 902 satis
1346 857 1570 903 consentit

165 921 456 975 reuerentiae,
490 936 622 982 quam
644 923 742 966 Deo
773 917 999 972 debemus,
1029 922 1069 966 ei
1105 937 1198 968 non
1221 923 1311 968 lioc
1330 924 1436 969 iuris
1460 940 1566 970 eon-

164 986 336 1044 cedere,
374 999 422 1034 vt
442 984 696 1049 simpliciter
717 997 762 1033 et
782 985 872 1032 sine
906 986 979 1033 tali
1002 986 1262 1035 conditione
1282 988 1415 1053 possit
1435 990 1565 1037 bene-

162 1056 260 1104 ficia
290 1055 363 1102 sua
396 1055 552 1113 largiri.
623 1057 729 1100 Nec
763 1055 901 1115 magis
935 1066 1154 1102 conuenit
1174 1055 1423 1112 existimare,
1462 1074 1566 1106 curn

161 1127 265 1171 Deo
287 1119 524 1188 placuisset,
557 1133 728 1169 certum
749 1121 1028 1185 accipiendae
1049 1122 1194 1170 salutis
1214 1123 1398 1171 modum
1423 1125 1566 1173 horni-

161 1191 291 1239 nibus
313 1188 618 1253 praescribere,
653 1191 729 1253 qui
757 1187 861 1235 esset
888 1189 929 1235 se
959 1190 1118 1250 dignus
1147 1200 1193 1237 et.
1223 1192 1398 1239 homini
1418 1205 1563 1256 aptus,

159 1261 337 1308 nullum
372 1258 504 1303 alium
535 1255 611 1319 ipsi
641 1255 890 1313 occurrisse,
925 1258 970 1302 in
999 1274 1090 1320 quo
1117 1259 1214 1305 talis
1241 1269 1286 1304 et
1310 1258 1563 1320 dignitaset

161 1327 477 1374 conuenientia
500 1324 620 1377 efl'et,
660 1327 832 1385 Deique
851 1323 962 1371 adeo
991 1325 1222 1372 arbitrium
1243 1327 1346 1373 huic
1364 1329 1451 1382 vni,
1479 1329 1564 1392 qui

159 1411 284 1442 nunc
301 1391 373 1448 est,
405 1390 656 1440 adstrifi'tum
679 1389 815 1449 fuisse.
886 1394 1037 1438 Nimis
1065 1391 1272 1457 profefio
1290 1392 1497 1454 angustos
1510 1392 1561 1441 fi-

161 1480 243 1510 nes
266 1477 537 1526 poneremus
558 1459 757 1507 infinitae
787 1460 1105 1521 intelligentiae
1133 1461 1326 1518 diuinae,
1359 1464 1553 1509 nimisin

160 1531 365 1578 ordinem
398 1545 660 1588 cogeremus
692 1528 942 1575 libertatem
972 1530 1070 1573 Dei.
1137 1523 1551 1583 Eiidcinno'uv10‘35355

161 1601 221 1645 ait
246 1598 422 1644 Paullus
440 1602 486 1652 (t
516 1597 612 1642 Cor.
633 1598 673 1650 I,
696 1597 790 1654 21.)
809 1589 884 1642 διαὶ
902 1594 1071 1658 μωρίας
1097 1594 1152 1647 τὲ
1167 1593 1452 1660 κυςήγματος
1474 1597 1557 1646 0·AE-

160 1684 235 1725 σας
254 1663 329 1718 ‘talc
347 1661 618 1717 της-εὕοντας,
638 1663 757 1709 libuit
778 1663 875 1708 Deo
893 1677 970 1722 per
988 1663 1238 1724 disciplinam
1247 1661 1421 1725 stultam
1439 1665 1560 1728 salu-

159 1743 241 1781 tem
260 1738 363 1779 dare
392 1733 659 1777 credentibus.
726 1721 907 1779 Εύδοκία
931 1727 1017 1778 Θεὲ
1036 1730 1185 1788 igitur,
1216 1734 1438 1778 arbitrium
1458 1735 1560 1778 diui-

156 1818 269 1856 num,
301 1797 362 1844 est
380 1800 424 1845 in
443 1808 542 1844 tota
564 1797 631 1843 illa
660 1796 994 1843 ratione—salutis
1015 1795 1182 1844 dandae
1203 1809 1249 1844 et
1265 1797 1557 1862 accipiendaez

156 1867 231 1915 sed
252 1865 479 1918 eiusmodi,
509 1863 631 1929 quod
652 1865 769 1915 inani
795 1862 974 1926 quidem
993 1864 1200 1927 sapientia
1224 1865 1345 1911 elatis
1368 1866 1558 1912 homini*

155 1934 253 1989 bus,
285 1940 362 1998 qui
383 1935 532 1980 omnia
554 1931 636 1978 suis
665 1931 954 1995 opinionibus
987 1933 1243 1987 metiantur,
1279 1929 1463 1979 stultum
1475 1935 1556 1990 mi-

154 2005 366 2067 nimeque
388 1998 666 2066 probandum
687 1998 898 2052 videatur,
928 2009 1125 2044 ceterum
1152 1996 1272 2045 reste
1290 2011 1337 2047 et
1359 1999 1556 2048 modeste

155 2068 478 2123 iudicantibus,
513 2079 558 2114 et
586 2061 737 2112 arcana
768 2066 1000 2129 sapientiae
1028 2065 1202 2113 diuinae
1228 2069 1303 2132 pie
1327 2068 1554 2117 scrutanti-

154 2137 251 2194 bus,
282 2140 465 2202 plenum
484 2136 720 2198 sapientiae
735 2135 994 2195 reperiatur.
1428 2177 1433 2181 ,
1542 2172 1549 2181 ,

256 2218 333 2267 57.
371 2204 500 2251 Nihil
522 2203 658 2250 habet
680 2198 835 2247 Christi
855 2200 1076 2262 disciplina
1088 2201 1393 2257 voluntarium,
1426 2219 1550 2266 prae·

152 2282 222 2320 ter
240 2272 372 2320 fidem
395 2283 441 2318 et
460 2274 745 2321 Sacramenta,
774 2266 919 2328 quoad
946 2267 1201 2314 hominibus
1229 2268 1414 2316 modum
1437 2268 1551 2317 falu'-

152 2343 211 2388 tis
234 2338 508 2396 accipiendae
528 2335 892 2398 quaerendaeque
912 2334 1084 2394 tradit3‘
1099 2338 1144 2381 in
1165 2352 1254 2398 quo
1274 2337 1368 2400 ipso
1387 2337 1549 2400 perspi-

151 2425 234 2454 cua
263 2397 498 2472 sapientiae
525 2405 700 2452 diuinae
728 2402 901 2462 vestigia
919 2399 1118 2465 impressa
1138 2403 1249 2458 sunt,
1277 2420 1390 2466 quae
1409 2404 1547 2467 perse-

149 2492 342 2538 quemur
371 2475 455 2520 alio
484 2474 606 2519 loco:
640 2470 711 2517 sed
742 2470 888 2526 habet,
918 2469 1065 2533 quoad
1091 2471 1275 2517 modum
1303 2470 1447 2518 salutis
1465 2472 1545 2518 hu·

146 2558 282 2588 mano
316 2543 470 2599 generi
499 2539 696 2586 redditae
729 2539 916 2599 explicat
942 2553 993 2582 ac
1022 2536 1305 2584 demonstrat.
1383 2539 1446 2584 Ea
1473 2556 1543 2585 res

147 2625 417 2674 quamquam
445 2611 502 2654 ita
531 2605 715 2654 euidens
743 2603 883 2660 estiis,
915 2605 1056 2669 quiin
1087 2603 1285 2651 dORrina
1306 2602 1544 2719 Christis-P?

1418 2688 1466 2720 ni
1500 2690 1541 2728 1,
