1682 3068
331 185 399 215 rr
423 168 727 214 cincinnis
750 171 788 211 1.'
807 181 850 210 c.
868 170 928 212 ns
959 179 1136 210 coena
1157 177 1329 210 sacua
1437 162 1539 223 165

225 305 304 349 4¹·
345 292 432 338 His'
450 287 696 354 ex'pEcitis,
735 285 903 334 facilius
932 284 1064 334 nobis
1083 286 1167 333 erit
1185 272 1455 348 respondere
1471 279 1528 330 ad

75 354 81 361 ’
126 355 406 422 quaestiones
431 353 680 422 propositas
707 354 760 401 ab
782 353 957 401 duobus
984 356 1172 414 ignotis,
1220 350 1315 408 sed,
1352 359 1529 398 vtcon-

125 423 304 472 fidimus
319 463 332 484 ‚
363 422 582 490 probis'et
598 420 810 482 religiosis
827 419 1085 468 dostoribus
1107 417 1347 477 Ecclesiae,
1358 417 1413 464 de
1433 421 1530 483 qui-

124 491 211 540 bus
230 491 491 547 sententiam
508 487 701 552 nostram
720 489 992 551 cognoscere
1012 492 1204 552 cupiant.
1260 489 1401 534 Prima
1421 490 1528 541 erat,

125 566 194 614 a'n,
211 557 245 606 fi
264 563 363 624 quis
383 562 450 607 vir
462 560 673 619 'cognitae
692 558 793 605 alias
814 557 1046 622 probitatis
1068 567 1114 602 et
1131 557 1403 602 reuerentiae
1419 566 1527 614 erga

54 625 57 627 ’
122 628 385 688 religionem
413 636 460 673 et
486 629 736 690 Scripturas
764 626 923 683 sacras,
965 635 1013 670 et
1030 626 1222 685 'integer
1247 623 1301 670 ab
1330 623 1528 670 vanitate

122 696 292 756 ingenii
308 697 356 742 in
375 691 589 759 mysteriis
616 694 842 751 religionis
874 690 1133 747 trastandis,
1170 692 1359 737 fateatur
1389 690 1528 735 sacer·

123 760 327 818 docimi
347 762 639 826 nonprorfics
653 759 738 808 effe
757 760 1006 826 persuasum
1028 758 1083 805 de
1102 760 1343 824 praesentia
1362 773 1525 820 corpo-

121 830 184 877 ris
217 839 267 877 et
301 829 519 890 sanguinis
548 828 641 876 Iesu
671 828 833 877 Christi
868 831 914 875 in
943 832 1095 876 Coena
1139 826 1279 883 sacra,
1347 826 1526 888 qualem

122 895 320 945 ‹ioan-ina
349 896 564 944 Ecclesiae
591 895 767 944 nostrae
795 895 976 961 publica
1006 893 1235 948 defendat,
1287 893 1333 939 in
1364 894 1525 939 ceteris
1574 932 1586 949 ,

120 964 356 1021 omnibus,
393 965 582 1030 quaede
610 966 706 1031 ipso
731 968 1011 1014 sacramento
1032 962 1213 1016 habeat,
1254 961 1386 1026 plane
1416 974 1524 1007 cum

121 1043 174 1079 ea
190 1033 463 1080 consentire:
493 1049 548 1080 an
565 1035 729 1095 igitur,
762 1033 876 1081 salua
894 1028 1029 1080 officii
1048 1032 1281 1090 religione,
1315 1025 1449 1092 poffit
1467 1025 1526 1073 ad

122 1103 491 1160 communionem
507 1103 783 1149 sacramenti
810 1119 835 1148 a
863 1099 1086 1148 sacerdote
1109 1098 1314 1144 admitti?
1367 1094 1526 1142 Altera

0 1224 1 1243 Χ
29 1167 34 1171 ’
108 1169 373 1232 ,Ρειτίηεδετ
390 1167 740 1226 adsacerdotem
758 1169 927 1234 ipsum,
971 1169 1050 1228 qui
1081 1182 1185 1213 cum
1213 1165 1290 1211 illo
1317 1163 1448 1227 super
1471 1179 1523 1208 ea

116 1235 461 1300 redispumndo
487 1235 771 1285 labefastatus
799 1235 872 1296 fit,
925 1222 1065 1283 fastus
1091 1236 1226 1280 etiarn
1255 1230 1309 1279 ad
1337 1231 1521 1278 alteram

117 1303 378 1351 sententiam
399 1305 610 1367 pronior3
663 1304 772 1369 quid
794 1306 835 1351 ei
853 1303 1240 1373 perrelig'ionem,
1269 1316 1355 1363 qua
1374 1296 1522 1345 adstri-

120 1367 216 1417 ails
237 1369 300 1417 est
316 1369 439 1417 libris
456 1370 684 1418 doarinae
701 1369 908 1435 publicis,
926 1369 1000 1416 'fas
1021 1369 1072 1415 sit
1090 1369 1260 1415 facere:
1307 1375 1458 1414 vtrum
1477 1365 1521 1411 ei

96 1437 468 1503 ,ljelinquendum
486 1435 539 1485 fit
557 1437 867 1495 sacerdotium,-
906 1452 999 1502 quo
1022 1437 1096 1501 pie
1116 1446 1162 1480 et
1189 1432 1391 1494 religiose
1417 1432 1523 1479 fun-

118 1514 269 1564 gatur,
307 1519 361 1552 an
374 1542 386 1561 ,
418 1504 533 1554 salua
551 1505 638 1553 fide
659 1517 705 1553 et
722 1506 958 1567 religione,
1002 1520 1184 1550 manere
1202 1503 1250 1547 in
1268 1517 1324 1547 eo
1354 1497 1521 1565 poffit‘?

118 1573 292 1635 Deliis
319 1571 477 1627 rebus,
514 1591 628 1637 quae
652 1574 867 1620 sententia
894 1568 1039 1619 nostra
1064 1569 1134 1624 iit,
1186 1568 1523 1615 communicato

118 1641 250 1688 etiam
271 1647 372 1687 curn
394 1641 487 1686 aliis
503 1642 757 1703 Theologis
784 1637 929 1688 doffis
959 1649 1005 1685 et
1022 1639 1106 1703 piis
1127 1634 1336 1693 confilio,
1374 1633 1520 1682 breui-

114 1708 188 1754 ter
212 1704 499 1774 exponemus.
968 1716 970 1720 ’

143 1798 155 1802 ·
216 1792 295 1834 4²·
331 1772 700 1837 Quod'igi'tur'ad
719 1792 824 1824 eum
844 1775 1030 1833 attinet,
1063 1773 1139 1838 qui
1158 1768 1286 1821 nobis
1308 1773 1355 1818 in
1375 1770 1519 1835 prima

115 1841 375 1907 quaestione
393 1843 631 1910 descriptus
652 1842 734 1902 est,
775 1855 950 1892 tan-tum
970 1841 1195 1898 absumus,
1232 1846 1282 1887 *vt
1313 1835 1517 1899 neganda

117 1913 298 1959 coenae
346 1912 488 1970 sacrae
538 1913 863 1960 communione
898 1908 1180 1975 prodendum
1226 1918 1273 1954 et
1310 1904 1520 1953 molestiis

120 1978 458 2043 exponendum·
481 1980 754 2034 censeamuS,
817 1990 866 2027 vt
907 1995 1013 2026 eum
1050 1979 1184 2024 etiam
1223 1970 1517 2022 misericordia

116 2045 331 2105 dignum,
361 2045 787 2110 consolandumque,
829 2058 878 2095 et
894 2056 1084 2111 propter
1106 2043 1428 2105 ingenuitatem
1466 2040 1516 2085 in

115 2111 354 2178 §perienda
372 2110 660 2172 dubitatione,
694 2112 960 2161 laudandum
977 2125 1204 2178 putemus,
1246 2113 1368 2156 Nam
1389 2104 1515 2171 quod

92 2204 96 2209 *
116 2181 191 2234 a‘it,
218 2179 297 2228 fibi
315 2196 408 2227 non
424 2181 603 2243 prorfits
619 2181 870 2244 persuasum
889 2179 986 2236 effe,
1018 2179 1062 2226 id
1082 2179 1251 2225 nullam
1273 2178 1361 2222 vim
1383 2175 1515 2221 aliam

115 2246 283 2297 habere
301 2245 461 2313 potest,
482 2245 513 2293 fi
529 2264 600 2293 res
618 2246 737 2296 reste
747 2248 940 2313 express'a
960 2246 1032 2304 est,
1052 2258 1100 2292 vt
1119 2244 1355 2309 speramus,
1376 2257 1515 2306 quam

114 2316 190 2374 vel
208 2325 487 2381 argumenta,
507 2315 666 2378 quibus
688 2315 899 2364 sententia
920 2313 1065 2362 nostra
1086 2311 1359 2364 defendatur,
1382 2323 1515 2374 quae-

114 2383 208 2449 qu'e
224 2384 318 2449 ipse
339 2383 623 2443 cognouerit,
649 2379 727 2433 fibi
745 2401 839 2432 non
859 2383 957 2430 satis
976 2381 1101 2428 firma
1123 2379 1282 2435 videri,
1315 2378 1387 2425 vel
1407 2391 1514 2423 con-

117 2453 260 2500 trariis
298 2451 651 2511 argumentis-'et
686 2448 1031 2499 dubitationibus
1069 2449 1300 2510 vti-iusque
1336 2444 1512 2506 generis

117 2517 399 2567 fliffoluendis
430 2519 473 2564 se
491 2534 585 2564 non
603 2519 757 2581 'parem
774 2515 879 2575 else,
912 2518 1054 2580 iisque
1072 2517 1268 2562 animum
1289 2511 1373 2560 esse
1392 2510 1515 2569 labe-

114 2583 294 2634 haum.
353 2587 362 2594 “
392 2587 661 2642 Enimuero,
710 2584 743 2632 fi
783 2587 845 2633 ita
882 2601 953 2632 res
985 2579 1067 2640 est,
1121 2582 1372 2643 praesertim
1398 2577 1428 2624 fi
1457 2579 1514 2624 de

118 2669 283 2731 genere
297 2651 530 2722 posteriori
541 2690 555 2715 ‚
597 2669 693 2701 non
712 2651 884 2769 fidespi
903 2648 1041 2711 deest,
1068 2648 1141 2698 sed
1163 2646 1440 2761 πληςοφοξὲοὲ
1469 2655 1516 2721 et

74 2742 78 2745 «
140 2741 156 2755 ⁷·
916 2736 943 2780 3
1440 2728 1518 2759 nu-
