1682 3068
200 176 296 239 364
565 186 827 221 omma-As
872 171 963 220 tt*
996 185 1232 222 vitun-Ae

138 303 150 309 ”
199 298 374 346 diuinae
391 294 712 356 intelligimus,
762 292 1374 345 diminutionem‘maicstatis
1405 294 1595 345 nullam'x

199 365 278 414 nifi
307 382 412 413 vero
441 362 572 412 etiam
602 366 735 410 nimis
756 363 900 426 ,longe
929 382 982 412 ex
1011 365 1245 412 altitudine
1264 364 1306 412 se
1325 362 1512 421 demifit,
1551 373 1600 415 et

199 434 428 494 dignitatis
450 431 547 480 suae
566 444 724 495 parum
741 448 916 479 memor
929 432 1025 491 fuit,
1043 442 1090 479 vt
1108 433 1181 480 ille
1202 431 1320 497 apud
1330 435 1600 483 Ciceronem

200 503 357 563 (Acad.
385 503 463 554 IV,
495 502 599 559 38.)
619 547 623 549 ,
641 497 924 554 existimabat,
974 517 1076 547 cum
1108 500 1161 547 ad
1188 499 1451 558 creandum,
1476 514 1599 559 gnon

198 571 407 618 homines
426 566 584 622 modo,
631 566 704 614 sed
721 568 852 614 ctiam
880 568 1087 615 formicas
1109 579 1156 615 et
1174 570 1372 616 minores
1392 584 1445 614 ae
1465 565 1601 614 sordi·

200 637 348 684 diores
359 632 515 683 bestias
537 634 770 682 descendit.
795 635 943 690 Quod
960 634 990 682 fi
1010 651 1149 683 nemo·
1163 653 1284 683 nunc
1293 634 1425 683 audet
1437 633 1599 690 dicere,
1674 641 1682 679 ἑ

198 706 277 771 qui
311 708 460 756 Deum
491 701 634 750 credit
664 700 749 750 effe
773 701 1000 752 notiorem
1039 721 1191 751 rerum
1221 706 1465 758 omnium,
1502 716 1598 750 non

195 770 346 838 potest
364 771 570 832 intelligi,
605 786 740 833 quare
764 768 996 831 indignum
1024 773 1117 818 eius
1145 770 1364 819 maiestate
1384 767 1600 825 credatur,

195 838 228 888 fi
246 839 287 887 se
304 840 490 905 proprio
512 836 708 902 quodam
731 849 776 885 et
793 835 972 886 arstiori
995 837 1133 886 modo
1158 847 1262 886 'cum
1292 839 1488 886 humana
1521 853 1599 885 na.-

196 919 317 964 tura,
353 908 400 956 in
419 923 503 970 qua
517 904 581 953 est
601 908 747 966 imago
767 902 924 971 ipfius,
971 909 1214 968 coniungat
1231 905 1287 954 ad
1312 903 1600 955 efficiendum

196 993 313 1036 opus
334 973 524 1034 dignum
551 970 770 1020 maiestate
800 972 896 1027 sua,
937 973 1070 1036 quod-
1086 971 1246 1021 fineen
1270 969 1598 1022 coniunfflone

196 1040 313 1090 effici
343 1058 438 1089 non
459 1039 687 1104 potuiss‘et3
755 1039 1010 1104 praesertim
1031 1057 1134 1088 cum
1152 1042 1199 1087 in
1216 1057 1266 1088 ea
1284 1041 1397 1088 nihil
1414 1037 1484 1096 fit,
1521 1036 1599 1087 nili

193 1110 358 1157 modus
377 1109 555 1173 quidam
577 1106 864 1171 praesentiae,
907 1123 1024 1170 quae
1052 1118 1098 1155 et
1116 1108 1319 1155 vniuersz
1335 1123 1438 1155 oum
1453 1103 1598 1155 'rebus

194 1177 402 1226 omnibus
435 1177 814 1230 communicatur,
854 1170 945 1221 fine
973 1173 1375 1223 diminutione·aut
1401 1174 1600 1222 obscura-

193 1249 319 1295 tione
339 1241 568 1292 maiestatis
589 1241 778 1290 diuinae.
858 1245 982 1290 Nam
1003 1241 1033 1289 fi
1055 1242 1203 1290 diuina
1222 1252 1379 1291 natura
1395 1241 1596 1307 praesens

194 1311 282 1361 effe
304 1309 449 1378 potest
466 1309 598 1359 rebus
619 1309 828 1359 omnibus
841 1347 852 1367 ,
888 1326 976 1356 nec
994 1310 1133 1358 modo
1152 1310 1332 1358 seientia
1351 1319 1397 1357 et
1414 1307 1598 1365 afflone,

193 1392 244 1428 vt
263 1379 490 1428 nonnullis
511 1379 682 1443 placet,
724 1376 796 1426 sed
813 1380 946 1426 etiam
974 1376 1226 1433 substantia,
1267 1394 1351 1426 nec
1367 1376 1420 1425 ab
1441 1392 1597 1424 earum

193 1450 267 1497 vel
289 1447 546 1496 humilitate
563 1445 853 1510 deprimitur,
885 1445 958 1492 vel
976 1445 1179 1494 sordibus
1189 1446 1434 1511 polluitur:
1486 1459 1597 1509 quo-

192 1514 333 1567 modo
362 1514 450 1564 tale
479 1515 587 1579 quid
618 1515 801 1574 cogitari
832 1509 979 1579 potest
1005 1517 1051 1560 in
1070 1531 1126 1560 eo
1153 1514 1424 1580 praesentiae
1441 1512 1596 1567 modo,

192 1600 330 1651 quem
351 1582 533 1629 facimus
554 1591 736 1636 naturae
753 1581 853 1629 Filii
870 1582 957 1628 Dei
975 1580 1148 1629 diuinae
1166 1583 1213 1627 in
1231 1580 1454 1628 humana?
1513 1579 1596 1624 Ni-

193 1655 279 1702 mis
300 1647 504 1716 profefiio
524 1647 724 1710 anguste,
761 1659 807 1696 ct
825 1647 877 1696 ad
908 1649 1203 1696 humanarum
1222 1664 1374 1694 rerum
1391 1644 1596 1704 modum,

194 1720 396 1779 cogitant
415 1717 471 1768 de
492 1717 679 1773 diuinis,
715 1718 793 1779 qui
820 1717 867 1762 in
893 1715 975 1762 hac
995 1711 1334 1771 coniunstione,
1380 1712 1440 1762 ob
1457 1713 1596 1760 talem

193 1784 404 1840 caussam,
446 1782 610 1847 aliquid
638 1781 874 1842 indignum
894 1783 978 1828 Dei
1000 1779 1219 1829 maiestate
1237 1780 1409 1838 vident,
1451 1782 1594 1828 immo

191 1853 344 1904 videre
363 1852 407 1899 se
426 1860 610 1916 putant;
653 1848 776 1914 quod
797 1850 927 1914 quale
957 1847 1030 1904 fit,
1075 1848 1224 1896 dicere
1251 1848 1505 1914 perspicue,
1545 1857 1595 1896 et

191 1921 380 1971 remotis
399 1919 602 1968 vanitatis
621 1916 838 1964 humanae
858 1914 1067 1974 ludibriis,
1097 1932 1192 1962 non
1211 1926 1385 1980 queant.
1442 1919 1593 1971 Quam

192 2003 292 2038 tum
305 1985 471 2036 interfit
479 1988 594 2034 inter
604 1996 807 2032 naturam
819 1985 936 2032 illam
949 1982 1138 2030 nostram
1151 1983 1472 2044 intelligentem
1486 1992 1533 2029 et
1541 1983 1596 2030 li-

190 2060 360 2112 beram,
381 2054 687 2108 immortalem,
707 2062 752 2099 et
761 2069 925 2116 corpus
936 2051 1037 2107 hoc,
1057 2049 1162 2108 flue,
1172 2061 1222 2097 vt
1232 2052 1362 2098 etiam
1374 2049 1595 2115 deprimat*

191 2143 294 2176 mus
307 2125 461 2183 magis,
472 2123 586 2169 hanc
597 2120 891 2174 carunculam,
902 2120 990 2165 hoc
1000 2135 1101 2166 mox
1110 2117 1322 2184 pabulum
1333 2118 1594 2166 vermiculo⁴

192 2210 309 2249 rum,
328 2191 541 2239 videmus.
590 2192 663 2235 An
679 2203 787 2247 ergo
809 2188 884 2234 ille
901 2186 1109 2243 sublimis,
1129 2196 1177 2233 et
1186 2189 1334 2234 Deum
1348 2201 1448 2232 eum
1461 2183 1592 2232 coelo

195 2271 244 2309 et
263 2273 383 2308 terra
393 2254 698 2322 completiens
719 2255 994 2315 cogitatione
1015 2255 1087 2302 sua
1106 2265 1152 2302 et
1169 2260 1389 2303 contuens
1408 2255 1591 2308 animus,

193 2328 481 2388 deprimitur,
526 2321 766 2371 secundum
791 2333 960 2369 veteres
988 2333 1227 2384 nugatores
1257 2320 1492 2387 quosdam,
1543 2329 1591 2367 et

191 2396 410 2461 polluitur
429 2391 623 2453 indigne,
635 2407 736 2437 cum
756 2391 870 2437 huic'
879 2390 1144 2454 corpusculo
1157 2391 1351 2454 iungitur
1360 2385 1589 2446 nascendo,

191 2466 302 2509 vtin
322 2462 440 2525 ipso,
471 2476 575 2507 cum
596 2459 688 2522 ipso
707 2459 887 2513 sentiat,
920 2458 1151 2518 intelligat,
1180 2468 1424 2512 moueatur,
1455 2460 1588 2517 agat?

192 2528 283 2579 Etsi
303 2528 418 2576 haud
436 2527 587 2591 paullo
609 2527 784 2586 longius
804 2525 1091 2572 interuallum
1113 2522 1198 2571 effe
1215 2521 1491 2571 interiefium
1511 2523 1588 2571 ἰοὶ,

190 2613 294 2647 mus
314 2598 601 2652 inter-Deum
621 2594 962 2654 hominemque3
1000 2590 1238 2642 similitudo
1255 2602 1407 2638 tamen
1438 2608 1590 2640 rerum

194 2661 485 2723 demonstrat,
519 2660 572 2712 ab
590 2662 664 2716 illo
688 2659 944 2717 interuallo,
983 2661 1010 2713 i,
1032 2676 1068 2711 e.
1090 2657 1338 2709 diuersitate
1353 2656 1590 2727 perfeaio-

1504 2743 1588 2788 nis,

1676 827 1680 862 l

1676 863 1679 908 f

1677 950 1682 1040 ἔ

1678 1043 1682 1109 l

1678 1114 1682 1170 ἔ

1679 1263 1682 1294 1

1680 1370 1682 1405 l

1680 1418 1682 1460 l
