1682 3068
177 180 245 231 50
747 174 1024 218 ¹⁴¹szrx

178 294 338 341 addita.
414 289 500 338 Sed
533 289 654 355 quod
679 289 756 338 illo
782 291 879 357 ipso
899 294 944 339 in
961 293 1156 353 Dialogo
1185 291 1582 342 Dsseodoretus1<›E2-a-

178 357 314 407 nistae
333 357 436 405 dicit
470 363 539 421 (p.
563 363 665 421 31.)
697 357 821 408 κριτοὶ
847 358 920 413 τήν
947 359 1212 431 παςοιμίαν,
1251 360 1310 415 εἰς
1339 357 1584 426 vsu-gnaeum)

178 425 316 477 πίθον
344 425 573 488 dus-affusa
613 425 731 488 μετά
749 426 845 493 ’γοίς
873 427 1039 482 ἐκείνας
1069 426 1269 482 ἁπάσας
1297 426 1381 482 τοὶς
1405 424 1582 478 ἀποδεί-

180 492 290 560 ξεις,
331 491 407 554 καὶ
435 492 520 548 τοίς
545 496 627 545 τῶν
652 493 912 544 ἀντιθέσεων
942 496 1118 557 λύσεις,
1167 494 1244 552 uic
1270 495 1413 550 αύτές
1440 493 1581 559 Myse
1663 515 1667 518 ⁴

181 559 464 615 ἁνακυκλᾶς.
559 564 780 610 Secundum
802 569 1075 625 prouerbium
1104 565 1212 610 dolio
1237 565 1414 626 pertqlb
1444 565 1586 612 Ιιαανὶ·
1672 611 1676 615 .

180 648 286 679 mus.
360 630 488 677 *Nam
511 629 613 692 post
637 646 774 676 omnes
802 632 898 677 illas
927 632 1292 694 demonstrationes
1318 631 1500 694 nqstras,
1539 638 1583 681 et

182 695 432 751 obieb't‘orum
448 696 743 757 refutationes,
777 703 916 745 eadem
938 703 1116 760 repetis:
1142 698 1259 744 idem
1280 698 1409 745 nobis
1442 701 1485 744 in
1508 696 1584 745 ista
1671 741 1675 757 ι,

182 762 327 812 caussa
344 763 521 818 accidit,
553 763 671 811 idem
689 763 800 811 fecit
815 768 1112 822 Muratorius,
1139 766 1238 812 satis
1260 766 1435 823 habens,
1457 782 1583 829 repe·
1663 764 1673 810 f

180 842 279 880 tere
297 829 411 878 dian
431 833 600 878 centies
613 868 625 890 ,
667 831 779 879 nihil
799 831 1073 897 respondens
1093 832 1148 879 ad
1169 850 1238 890 ea,
1281 850 1390 897 quae
1424 844 1583 881 contra
1667 826 1682 883 'J

181 897 296 947 dista
322 909 461 946 erant.
1681 909 1682 923 ¹

273 968 429 1030 Capite
449 969 540 1014 ΧΠ.
572 966 646 1032 (p.
673 982 763 1022 150
785 968 872 1032 sq.)
901 965 964 1014 est
987 967 1357 1032 disputatiuncula
1379 966 1436 1014 de
1456 966 1582 1014 nobi·

179 1032 294 1083 libus
314 1034 422 1082 locis
443 1036 504 1080 Io.
518 1034 801 1099 Chryfostomi
820 1038 866 1081 in
887 1034 1080 1102 Epistola
1100 1036 1152 1083 ad
1175 1036 1429 1100 Caesarium,
1453 1036 1581 1083 Theo-

179 1105 317 1150 doreti
355 1103 404 1148 in
442 1102 638 1162 Dialogo
675 1102 891 1160 secundo,
958 1106 1166 1165 Ephremi
1210 1102 1330 1167 apud
1373 1103 1583 1157 Photium.

181 1168 309 1229 (cod.
335 1173 471 1230 229.)
501 1179 547 1215 et
567 1171 778 1236 GelafiiI.
812 1172 860 1216 in
893 1169 1006 1217 libro
1031 1170 1088 1217 de
1105 1170 1275 1217 duabus
1304 1172 1493 1216 naturis:
1535 1171 1583 1215 in
1647 1218 1651 1221 ,

179 1235 343 1303 quibus
371 1234 482 1300 quid
511 1235 671 1284 lessori
697 1237 1144 1285 animaduertendum
1173 1235 1243 1292 sit,
1289 1253 1374 1301 pro
1403 1237 1512 1284 virili
1539 1235 1583 1282 se
1654 1259 1657 1265 =

181 1302 483 1369 expositurum
505 1302 754 1367 profitetur.
851 1306 1132 1352 Lutheranos
1153 1304 1358 1369 quidem,
1401 1306 1582 1351 iiscon-
1654 1355 1656 1358 y

178 1370 364 1428 firmari,
395 1368 648 1428 existimare,
680 1371 800 1418 suam
821 1370 887 1417 de·
899 1374 1102 1436 corporis
1123 1381 1171 1419 et
1188 1371 1407 1432 sanguinis
1421 1368 1583 1419 Christi

180 1455 285 1486 cum
308 1455 425 1503 pane
454 1442 650 1501 vinoque
680 1436 1002 1487 coniunfflone
1032 1441 1316 1496 sententiam,
1357 1438 1428 1485 sed
1456 1437 1583 1485 facile

180 1507 394 1574 perspici,
437 1523 568 1569 quam
597 1502 708 1552 iuste
736 1508 938 1553 Romana
959 1505 1152 1554 Ecclesia
1183 1508 1300 1553 hanc
1319 1507 1584 1571 opinionem

181 1574 470 1622 damnauerit.
566 1573 611 1619 Si
638 1572 751 1620 adeo·
771 1573 896 1620 facile
926 1573 1011 1619 est:
1052 1591 1136 1621 nos
1163 1589 1367 1637 quoque,
1406 1575 1582 1637 opinor,

180 1642 499 1708 perspiciemus
529 1640 793 1686 Lutherani:
845 1658 973 1704 neque
1003 1642 1122 1687 enim
1139 1643 1249 1688 adeo
1279 1640 1424 1702 obtusa
1445 1639 1580 1704 gesta-

167 1726 274 1768 „mus
295 1708 496 1772 pefi‘ora,
541 1717 595 1753 vt
613 1706 736 1771 quod
762 1707 887 1754 facile
916 1706 966 1755 sit
995 1708 1263 1772 perspicere,
1302 1725 1387 1754 nos
1416 1707 1582 1771 assequi

180 1779 484 1842 nequeamus,
514 1774 957 1822 animaduertendum
979 1774 1118 1822 modo
1139 1772 1236 1830 effe,
1269 1775 1391 1835 (illuc
1412 1775 1586 1833 sumus)

178 1841 451 1894 manifestam
469 1841 580 1889 adeo
597 1839 685 1888 esse
703 1844 791 1889 vim
809 1858 973 1889 vocum
985 1877 995 1896 ‚
1035 1841 1199 1906 quibus
1220 1843 1442 1905 Liturgiae
1470 1853 1518 1889 et
1536 1844 1578 1888 S·

181 1915 227 1962 S.
247 1915 396 1959 Patres
413 1918 593 1957 vtantur
612 1909 665 1955 ad
683 1908 1011 1974 exprimendam
1034 1914 1298 1958 mutationem
1311 1945 1322 1964 ,
1367 1926 1479 1973 quae
1499 1925 1581 1973 per-
1634 1954 1639 1956 ,

183 1979 524 2028 consecrationis
566 1974 717 2023 verba*
742 1975 838 2030 fiat,
903 1987 950 2024 et
991 1995 1072 2042 per
1108 1977 1581 2040 transsubstantiationis

180 2063 341 2096 vocem
370 2043 582 2106 designari
614 2044 771 2101 soleat,
813 2053 862 2091 vt
889 2043 1121 2092 absurdum
1143 2044 1274 2107 plane
1301 2043 1353 2091 fit
1373 2045 1582 2105 cogitare,

181 2111 455 2179 superstitem
484 2129 644 2159 eorum
684 2112 1007 2160 elementorum
1046 2111 1322 2159 substantiam
1365 2113 1413 2158 in
1446 2111 1580 2158 sacra-
1636 2120 1639 2123 ’

181 2192 365 2239 mento,
395 2192 441 2228 et
454 2178 693 2240 agnoscere
715 2195 946 2240 cogamur,
966 2181 1174 2227 conuerti
1183 2180 1370 2226 illorum
1391 2176 1580 2226 substan-

180 2252 287 2298 tiam
308 2251 355 2296 in
380 2265 544 2312 corpus
567 2260 614 2294 et
631 2247 891 2308 sanguinem
907 2249 1103 2295 Domini.
1203 2245 1303 2294 Post
1330 2248 1440 2293 haec
1457 2261 1580 2292 com-

181 2327 404 2366 memorat
422 2333 484 2369 ea,
508 2315 563 2361 de
585 2313 744 2378 quibus
765 2316 908 2379 capite
929 2315 1138 2382 superiori
1161 2312 1323 2362 distum
1344 2312 1416 2367 est,
1436 2310 1578 2360 verba.
1636 2332 1639 2333 ⁷

161 2389 310 2435 ‚Haec
327 2401 434 2430 vero
455 2381 692 2430 miseranda
710 2385 864 2447 potius
886 2381 968 2439 est,
1009 2399 1142 2446 quam
1162 2379 1405 2430 refellenda,
1420 2381 1579 2436 oratio,

180 2469 266 2517 qua
285 2449 552 2498 stultissimus
574 2452 760 2513 quisque
779 2452 828 2496 in
848 2466 1022 2514 quaque
1041 2467 1089 2497 re
1109 2446 1253 2513 potest
1274 2451 1461 2503 vincere,
1477 2446 1508 2493 fi
1525 2463 1578 2494 ea

131 2548 133 2550 -
179 2519 370 2583 aliquam
389 2519 477 2564 vim
497 2514 643 2580 potest
663 2516 837 2564 habere.
916 2523 985 2564 Ac
1003 2534 1086 2564 nos
1103 2517 1231 2580 supra
1251 2515 1304 2563 de
1322 2513 1461 2562 verbis
1488 2511 1575 2561 istis
1634 2552 1636 2555 v

180 2587 330 2634 omnia
359 2585 439 2632 alia
463 2582 719 2640 docuimus,
767 2585 903 2631 secuti
931 2595 1073 2631 certas
1101 2582 1415 2647 interpretandi
1440 2582 1575 2642 leges,

168 2665 228 2704 ‘et
236 2652 362 2702 vsum
379 2650 595 2716 loquendi
611 2661 787 2701 certum
806 2652 916 2699 etde
933 2651 1115 2700 ridicula
1130 2653 1581 2706 transelementatione,

1435 2731 1573 2781 quam
