1682 3068
335 103 356 121 O

212 147 319 198 3143-
650 146 725 176 nr,
766 144 1159 178 insen-Lura

211 256 251 303 ri
280 272 305 301 a
335 253 605 314 contagione
634 250 837 299 sensuum
866 252 1142 309 vitiosorum,
1175 270 1266 301 neo
1289 253 1499 321 denique,
1533 258 1615 321 qui

212 323 310 371 satis
332 331 478 368 certae
499 317 784 385 persuasionis
808 321 931 367 velut
948 319 1165 368 radicibus
1184 322 1435 371 haererent.
1483 318 1625 378 Quae

213 391 434 439 contraria
457 388 557 435 sunt
576 390 738 443 omnia,
767 405 906 451 quum
935 405 961 434 e
979 389 1207 454 scripturis
1226 390 1383 438 diuinis
1403 403 1631 454 repetun-,
1681 443 1682 446 Ἰ

212 469 301 515 tur,
333 460 380 504 in
400 457 562 522 quibus
584 458 732 504 omnia
752 454 883 512 resta,
902 474 1013 520 pura
1035 470 1171 521 atque
1197 468 1316 505 certa
1346 458 1457 506 sunt.
1486 462 1613 505 Tum
1681 447 1682 473 ³

211 543 332 582 vero,
362 542 495 590 quam
514 524 637 584 longi
658 526 872 587 temporis
891 535 937 570 et
956 527 1102 589 operis
1121 542 1190 572 res
1210 525 1335 581 foret,
1368 523 1399 571 fi
1426 528 1621 589 quisque-

210 595 372 658 suopte
397 593 581 652 ingenio
607 609 817 655 quaerere
837 591 985 638 sensus
1008 594 1107 639 illos
1131 593 1298 639 vellet?
1320 592 1498 656 quando
1518 605 1614 639 tan-

213 663 316 709 dem
346 677 502 708 omnes
543 659 894 723 consequuturus
925 657 1060 707 esset?
1104 665 1156 706 ln
1186 659 1286 725 ipsis
1313 660 1480 725 scriptis
1509 661 1617 708 anti-

212 745 407 795 quorum
432 727 812 789 Philosophorum,
830 727 1420 784 Poetarum‚Historicorum
1441 738 1487 774 et
1505 731 1616 776 Ora-

213 811 369 845 torum
389 798 450 843 ita
471 792 643 859 dispersi
662 794 773 852 sunt,
804 806 864 852 vt,
893 793 925 841 fi
947 798 1046 859 quis
1068 812 1147 842 eos
1167 795 1271 842 inde
1291 796 1504 857 colligere
1524 795 1613 849 vel-

211 867 289 922 let,
321 875 501 926 tempus
524 879 616 909 non
650 863 787 909 breue
817 864 1016 910 consumi
1050 863 1253 911 deberet:
1291 880 1433 927 quum
1460 872 1620 910 contra-

210 935 260 982 in
280 932 512 996 scripturiS,
546 931 613 976 vel
633 929 711 976 soli
731 930 953 977 sermones
973 932 1068 979 Iesu
1089 930 1246 979 Christi
1275 948 1432 978 omnes
1454 931 1615 994 suppe-

213 1000 373 1055 ditent.
442 997 527 1044 Sed
548 998 671 1062 pleni
692 998 793 1044 sunt
813 998 982 1054 Psalmi,
1011 1000 1131 1063 pleni
1150 999 1397 1046 Salomonis
1419 998 1519 1045 libri
1541 1000 1614 1044 ha·

210 1085 314 1117 rum
335 1067 576 1130 copiarum,
607 1075 655 1112 vt
679 1066 788 1112 nihil
814 1065 867 1112 de
895 1065 1016 1114 libris
1039 1065 1254 1113 historicis
1283 1076 1361 1113 aut
1382 1064 1616 1129 Apostolo-

208 1154 314 1186 rum
344 1136 498 1181 litteris
532 1131 685 1179 dicam.
762 1138 885 1181 Nam
921 1132 1143 1182 efficacius
1170 1133 1281 1180 sumi
1315 1151 1338 1180 e
1369 1133 1613 1198 scripturis,

210 1205 256 1253 id
278 1202 453 1269 quidem
483 1201 692 1248 facillime
716 1202 1006 1262 intelligitur:
1039 1204 1233 1266 primum
1254 1212 1443 1266 propter
1462 1198 1614 1247 austo-

210 1274 388 1322 ritatem
409 1271 506 1325 Dei,
537 1270 616 1333 qui
635 1267 711 1315 etfi
729 1287 810 1333 per
840 1281 1024 1317 naturae
1042 1285 1200 1316 vocem
1225 1279 1269 1314 et
1288 1268 1436 1332 ipsam,
1463 1280 1614 1315 tamen

209 1339 480 1406 praesentius
498 1347 545 1383 et
564 1339 742 1398 grauius
764 1336 897 1384 docet
918 1354 997 1401 per
1015 1336 1323 1400 scripturarum
1341 1336 1613 1383 sermonem·

210 1410 259 1456 in
288 1424 380 1471 quo
413 1403 475 1451 est
506 1406 559 1452 ad
579 1407 856 1453 mouendum
876 1406 938 1452 vis
957 1421 1051 1451 non
1072 1421 1206 1468 parua
1225 1414 1272 1449 et
1291 1404 1436 1450 multo
1461 1404 1617 1458 maior,

211 1492 349 1541 quam
379 1474 521 1530 velin
556 1470 728 1520 nostrae
757 1474 916 1519 mentis
944 1483 990 1519 et
1020 1472 1169 1518 iudicii
1196 1470 1511 1525 imbecillitate,
1543 1470 1616 1519 vel

211 1546 259 1591 in
290 1543 426 1590 aliena
453 1539 716 1587 austoritate
744 1539 970 1587 doElrinae
999 1540 1230 1586 humanae.
1309 1541 1367 1586 Et
1393 1539 1497 1586 licet
1522 1540 1615 1584 ani-

210 1610 506 1664 maduertere,
537 1625 673 1673 quum
694 1610 739 1654 in
759 1608 902 1655 sensus
922 1609 1125 1673 quamuis
1145 1621 1314 1667 graues,
1347 1605 1400 1652 ab
1422 1606 1614 1652 homini·

210 1679 296 1728 bus
317 1674 613 1724 eruditiffimis
642 1675 906 1738 propositos,
946 1673 1195 1728 incidimuS,
1230 1674 1275 1718 in
1296 1674 1348 1719 iis
1369 1674 1508 1732 magis
1529 1669 1614 1725 effe

212 1748 405 1810 aliquam
435 1741 784 1799 delefilationem,
813 1741 1039 1788 liberalem
1069 1741 1185 1787 illam
1218 1738 1410 1803 quidem,
1442 1738 1516 1786 sed
1545 1756 1617 1794 ce·-

212 1815 363 1863 leriter
391 1811 717 1865 transeuntem,
753 1826 885 1869 quam
914 1812 1002 1855 vim
1032 1807 1085 1854 ad
1114 1809 1310 1853 animum
1343 1810 1404 1854 ita
1423 1824 1614 1855 mouen-

214 1881 336 1937 dum,
366 1891 414 1925 vt
444 1876 569 1924 firma
599 1887 644 1929 et
663 1875 862 1924 constans
882 1877 1017 1923 animi
1037 1873 1225 1922 adfestio
1244 1876 1420 1922 oriatur.
1487 1878 1544 1921 Et
1562 1877 1613 1922 il·

212 1949 292 1999 lud
311 1943 581 1995 austoritatis
610 1943 783 1990 diuinae
811 1944 988 2008 pondus
1012 1954 1148 2003 auget
1180 1944 1246 1990 vis
1267 1942 1443 2007 spiritus
1463 1942 1614 1999 diuini,

214 2017 462 2066 admonens
493 2014 624 2059 etiam
657 2012 819 2058 fortius
859 2012 1016 2058 animis
1045 2009 1190 2057 sensus
1225 2009 1348 2066 illos,
1377 2012 1432 2058 ad
1462 2011 1613 2073 impri-

213 2081 406 2135 mendos
437 2093 588 2128 motus
616 2080 844 2138 salutares,
874 2077 905 2125 si
937 2080 976 2125 ei
1005 2077 1048 2124 se
1077 2075 1317 2142 praebeant
1346 2077 1615 2130 erudiendos

216 2166 350 2218 atque
368 2147 640 2198 formandos.
1141 2182 1143 2186 Α

322 2237 398 2270 21.
430 2216 517 2266 Sed
544 2232 701 2280 quum,
740 2214 857 2261 vnde
887 2214 1112 2261 sumantur
1139 2211 1308 2268 sensus,
1346 2209 1614 2259 demonstra·

216 2301 317 2337 tum
338 2284 411 2342 est,
445 2283 634 2331 modum
664 2280 904 2329 assumendi
932 2282 1168 2330 videamus.
1235 2282 1350 2326 Sunt
1368 2281 1505 2340 igitur
1524 2280 1615 2345 pri·

217 2373 342 2404 mum
374 2353 516 2402 sensus
547 2353 611 2398 illi
640 2349 879 2398 assumendi
908 2349 971 2406 ad*
987 2349 1343 2408 intelligentiam,
1372 2346 1529 2394 deinde
1559 2345 1616 2395 ad
1678 2354 1682 2355 ⁷

217 2423 494 2476 memoriam,
529 2419 718 2483 denique
752 2419 805 2465 ad
834 2420 1044 2466 animum.
1115 2419 1175 2463 Et
1200 2416 1256 2462 ad
1278 2414 1617 2476 intelligentiam

219 2490 397 2555 quidem
434 2486 726 2544 assumuntur,
767 2503 904 2552 quum
935 2488 995 2533 ita
1027 2485 1376 2547 cognoscuntur3
1413 2493 1462 2528 vt
1486 2482 1614 2545 plane

154 2583 163 2590 >-
218 2558 349 2606 nobis
379 2556 430 2603 fit
460 2556 734 2620 persuasum,
762 2572 892 2603 veros
921 2566 967 2603 et
994 2552 1141 2602 restos
1172 2548 1279 2599 effe:
1317 2549 1438 2614 quod
1466 2548 1518 2597 fit
1545 2548 1615 2599 vel

220 2622 542 2693 cognoscendis
561 2624 809 2672 rationibus
831 2634 876 2670 et
896 2621 1060 2680 cauinS,
1089 2631 1151 2680 vt,
1169 2635 1310 2686 quum
1330 2635 1356 2665 e
1375 2628 1531 2667 natura
1550 2633 1613 2669 re-
1654 2623 1682 2657 Ι

1515 2700 1616 2732 rum
