1682 3068
171 148 268 197 162
500 165 565 195 m:
598 162 945 199 »unzter-¹⁸11*
975 167 1241 200 conponis

169 270 333 318 latinae
374 269 709 321 consuetudinis
739 271 878 320 modo
911 272 1211 330 aestimemus3
1272 284 1425 325 tamen
1456 278 1573 329 nihil

169 338 391 394 lucretur,
427 341 502 402 qui
522 356 603 404 per
621 357 714 387 eam
734 339 861 388 nobis
878 340 1142 390 aduersetur.
1191 344 1311 391 Nam
1330 347 1378 392 in
1395 362 1465 402 eo,
1493 348 1571 417 qui

169 404 223 453 sit
241 409 299 453 ita
320 406 548 470 praesenS,
591 418 640 454 vt
660 408 798 455 oculis
823 419 1050 464 cernatur,
1087 411 1332 457 memoriae
1358 413 1455 460 vsus
1488 416 1571 461 vti-

172 490 262 537 que
280 474 447 520 alienus
475 471 547 520 fit:
593 473 713 538 quod
744 476 866 522 secus
889 474 950 522 est
981 480 1027 523 in
1049 494 1126 534 eo,
1171 480 1297 525 cuius
1328 479 1572 543 praesentia

163 538 431 604 ,adspetlum
450 541 684 589 oculorum
705 541 865 604 fugiat:
905 544 1003 590 alias
1030 562 1115 591 nec
1135 546 1222 591 Dei
1243 562 1464 594 memores
1485 545 1571 594 esse

171 606 419 673 possemus,
451 625 584 673 quem
608 609 738 656 nobis
757 612 1029 674 praesentem
1054 611 1149 667 esse,
1182 630 1275 660 non
1297 617 1573 676 cogitatione

170 677 312 724 modo
337 687 383 723 et
399 676 558 730 verb0,
596 676 664 723 sed
687 693 734 723 re
755 695 874 733 vera,
915 695 1007 725 non
1030 683 1305 740 negauerint.
1420 702 1431 731 J*

280 747 356 803 36.
394 749 499 791 Nec
516 744 607 789 hoc
626 742 807 792 difficile
838 744 899 791 est
917 746 969 793 ad
988 746 1302 806 refellendum,
1345 748 1463 814 quod
1487 749 1574 798 fuit

171 813 254 878 qui
276 811 466 865 diceret,
499 813 787 874 praesentiam
810 830 926 870 eam,
958 831 1090 877 quam
1109 831 1192 862 nos
1211 816 1466 870 faceremus,
1487 815 1574 864 effe

175 881 360 940 alienam
392 898 416 926 a
434 876 689 926 conditione
711 897 779 926 ea.
827 898 936 944 quae
964 898 1087 928 nunc
1113 879 1166 928 fit
1187 882 1368 930 Christi:
1406 887 1574 950 quippe

172 964 258 1014 per
284 964 380 993 eam
406 948 606 993 reuocari
638 946 856 994 Christum
895 947 949 993 ad
979 947 1284 997 conditionem
1313 951 1574 999 humilitatis

174 1025 396 1071 terrenae,
427 1011 738 1069 ταπωνώσεως.
815 1019 934 1062 Nam
955 1015 1000 1061 id
1020 1017 1079 1062 ita
1099 1014 1226 1073 esset,
1255 1015 1285 1063 fi
1307 1021 1365 1064 ita
1387 1018 1573 1066 sumere-

173 1095 250 1130 tur
278 1089 444 1147 corpus
463 1083 577 1136 eius,
615 1093 662 1129 vt
689 1081 891 1130 dentibus
915 1085 1319 1141 comminueretur,
1361 1085 1574 1151 fieretque

171 1150 419 1198 obnoxium
442 1148 715 1205 hominibus,
754 1163 800 1198 vt
819 1151 903 1197 fuit
923 1153 968 1196 in
987 1153 1126 1199 terris.
1225 1158 1286 1200 At
1304 1152 1348 1199 id
1378 1154 1575 1219 praesen-

173 1219 284 1274 tiae,
324 1234 456 1280 quam
481 1233 564 1263 nos
585 1217 790 1274 facimus,
834 1235 999 1279 genus,
1045 1217 1107 1264 est
1126 1222 1278 1284 potius
1301 1222 1576 1270 extollendae

173 1302 310 1349 quam
331 1284 644 1349 deprimendae
667 1286 950 1332 humanitatis
972 1283 1144 1342 Christi,
1166 1303 1268 1333 cum
1289 1282 1352 1343 fi't,
1373 1300 1421 1336 vt
1432 1286 1572 1336 osten-

173 1351 332 1406 dimus,
352 1353 524 1412 generis
537 1350 689 1408 diuini,
707 1362 755 1399 et'
770 1353 841 1400 sua
860 1352 1189 1415 magnificentia
1201 1355 1575 1422 excedat‘captum

171 1422 356 1468 rationis
378 1420 609 1467 humanae.
1046 1460 1048 1462 v
1299 1448 1302 1450 v
1550 1425 1560 1433 '⁴

206 1521 208 1523 ψ
279 1503 355 1547 37.
389 1490 503 1534 Sunt
520 1498 565 1534 et
582 1487 664 1534 alia
685 1504 844 1549 genera
866 1486 1105 1547 dubitandi,
1117 1507 1228 1554 quae
1246 1502 1321 1545 aut
1342 1491 1441 1539 sunt
1460 1490 1574 1540 simi·

176 1556 234 1603 lia
252 1556 342 1609 his,
378 1573 490 1620 quae
507 1574 528 1602 a
547 1554 677 1602 nobis
698 1557 797 1603 sunt
813 1555 1030 1611 dissoluta,
1074 1559 1145 1604 vel
1166 1574 1259 1605 non
1280 1558 1443 1606 habent
1463 1554 1573 1607 diffi-

175 1625 311 1671 cilem
328 1623 690 1687 explicationem,
730 1622 761 1670 fi
789 1634 1029 1672 teneantur
1054 1641 1125 1678 ea,
1165 1641 1278 1688 quae
1306 1643 1330 1672 a
1355 1626 1486 1674 nobis
1517 1625 1572 1674 a'd

173 1690 478 1755 explicandam
502 1689 687 1737 caussam
711 1688 900 1737 nostram
922 1691 1021 1737 sunt
1041 1689 1263 1755 disputata.
1323 1696 1498 1758 ltaque,
1519 1696 1573 1741 iis

170 1756 493 1824 praetermissis,
519 1759 563 1805 in
584 1757 832 1805 vniuersum
851 1756 1014 1822 aliquid
1032 1757 1087 1805 de
1109 1770 1207 1806 toto
1230 1776 1395 1820 genere
1416 1763 1573 1810 talium

173 1825 506 1872 dubitationum
526 1824 763 1872 dicendum
781 1824 976 1881 videtur,
1014 1842 1098 1890 per
1125 1827 1246 1890 quod
1268 1832 1474 1876 caueatur
1490 1830 1573 1885 his,

152 1894 256 1957 *qui
275 1904 463 1958 propter
478 1893 645 1954 ingenii
665 1891 1023 1949 imbecillitatem,
1056 1903 1133 1940 aut
1153 1896 1278 1941 aliam
1299 1912 1429 1957 quam
1451 1897 1568 1943 caus-

173 1961 290 2016 sam,
330 1960 535 2024 expedire
563 1960 607 2006 se
637 1976 787 2007 earum
817 1960 938 2006 velut
962 1961 1126 2025 laqueis
1153 1976 1248 2009 non
1278 1960 1478 2026 possunt,
1524 1971 1571 2018 et

208 2037 416 2092 ropterea
433 2039 508 2075 aut
525 2031 673 2075 animo
694 2038 943 2088 anguntur,
985 2039 1083 2086 aut,
1124 2026 1154 2074 si
1179 2030 1226 2075 in
1257 2030 1308 2075 iis
1335 2027 1388 2076 fit
1407 2028 1572 2095 aliquid.

171 2045 388 2153 l’euitatis,
435 2095 504 2142 vel
522 2096 576 2142 ab
595 2105 756 2151 aetate,
799 2096 868 2141 vel
891 2113 914 2141 a
932 2097 1038 2142 vitio
1059 2095 1253 2161 quodam
1275 2113 1438 2160 prauae
1466 2113 1572 2145 con·

171 2162 436 2219 suetudiniS,
473 2162 528 2208 ad
545 2165 773 2210 veritatem
796 2161 1078 2209 deserendam
1108 2165 1338 2212 inclinant.

272 2239 346 2289 38.
371 2229 712 2292 Intelligendum
733 2232 867 2291 igitur
882 2229 954 2286 est,
975 2230 1311 2288 dubitationum,
1334 2247 1446 2295 quae
1461 2245 1568 2277 con·

171 2307 242 2344 tra
253 2301 481 2347 veritatem
503 2308 753 2354 mouentur,
772 2296 862 2344 duo
882 2314 1043 2359 genera
1062 2298 1299 2359 diligenter
1319 2296 1401 2344 effe
1414 2297 1569 2344 discer-

171 2363 331 2412 nenda.
398 2370 517 2412 Nam
538 2365 651 2412 aliud
671 2363 743 2418 est,
766 2365 885 2429 quod
905 2364 958 2411 ad
977 2367 1389 2432 interpretationem
1409 2363 1567 2412 verbo-

171 2449 277 2480 rum
299 2432 550 2498 Scripturae
568 2433 709 2479 sacrae
733 2433 870 2498 ipsam
899 2435 1109 2496 pertinet,
1148 2450 1174 2479 e
1201 2432 1356 2497 quibus
1384 2432 1567 2496 proprie

169 2501 238 2545 rei
256 2499 464 2547 iudicium
485 2505 530 2546 in
553 2499 768 2563 capitibus
789 2498 890 2547 fidei
910 2499 1100 2564 pendet:
1145 2500 1279 2556 aliud,
1315 2498 1436 2562 quod
1457 2516 1482 2545 e
1500 2500 1565 2546 rei

169 2576 349 2619 natura,
401 2584 501 2613 cum
543 2566 794 2614 notionibus
833 2579 878 2614 et
906 2569 1134 2632 principiis
1174 2567 1487 2630 philosophicis
1520 2575 1567 2613 et

138 2632 436 2684 ‚mturalibus
455 2645 731 2699 comparata,
773 2636 930 2683 oritur.
1006 2638 1051 2683 Si
1070 2651 1123 2680 ex
1149 2635 1226 2683 illo
1252 2634 1356 2682 sunt
1389 2649 1565 2748 {eigil-e,

1427 2717 1450 2746 e
1510 2709 1562 2748 nt
