1682 3068
239 190 334 248 158
572 188 634 228 ba:
675 194 1011 229 tantun-rm
1044 198 1304 231 conpone

338 321 413 364 27.
450 299 536 350 Sed
554 318 658 364 age,
690 303 824 352 etiam
844 303 1146 353 dubitationes
1165 306 1458 368 attingamus,
1478 307 1630 356 aduer-

234 376 305 425 sus
337 373 602 422 sententiam
628 369 821 419 nostram
851 372 1056 419 inuentas
1087 374 1278 434 ingeniis
1306 375 1382 421 vet
1405 375 1634 424 aduersan-
1680 407 1682 440 Ι

234 446 351 492 tium
372 441 538 507 palam,
581 438 651 486 vel
669 440 813 486 minus
838 439 878 485 ei
906 439 1175 496 fauentium,
1206 457 1321 504 quae
1338 441 1517 506 quidem
1539 445 1631 509 spe·
1680 441 1682 485 ἰ

235 512 348 558 ciem
367 507 558 571 habeant
574 506 704 553 talem
717 539 728 559 ‚
759 522 842 571 per
859 523 990 571 quam
1014 509 1294 555 commoneri
1312 509 1516 557 homines
1534 512 1633 575 pos·

233 578 344 633 fint,
382 586 431 625 vt
450 574 518 622 vel
536 570 821 621 labefaRetur
842 575 1023 631 veritas,
1066 576 1138 622 vel
1162 577 1384 641 eripiatur.
1456 581 1520 625 -Et
1549 579 1634 625 erit

233 647 350 694 haec
367 645 479 692 ratio
501 641 629 689 nobis
651 640 914 706 expeditior,
951 640 1072 706 quod
1099 643 1209 697 loci,
1252 643 1370 690 vnde
1390 643 1633 709 responsio-

233 730 316 762 nes
335 710 576 764 ducantur,
609 708 703 756 fere
722 706 850 772 positi
871 708 973 756 sunt
994 711 1041 756 in
1065 710 1374 774 superioribus,
1425 715 1633 761 Ceterum

233 781 445 846 quoniam
474 793 544 823 eas
573 774 874 823 dubitationes
897 777 954 822 ita
983 774 1096 823 bene
1122 775 1404 841 perscripsisse
1432 781 1633 844 etexpli·

233 846 346 896 cass'e
364 855 547 910 putatur
564 846 603 891 S.
632 844 921 909 Wrenfelstus
948 845 993 889 in
1011 843 1210 891 Diatribe
1239 843 1294 890 de
1321 845 1452 908 Sensu
1479 846 1633 895 Verbo·

232 933 328 966 rum
350 917 411 962 D.
435 922 484 959 vt
500 927 648 976 nuper
667 910 759 958 Cel.
781 910 979 965 Beckius,
1012 921 1350 975 oppugnaturus
1370 913 1634 962 sententiam

229 981 446 1038 nostram,
498 981 670 1042 optime
708 978 752 1024 se
791 974 1009 1024 fa8urum
1036 976 1320 1035 existimaret,
1369 977 1400 1026 fi
1428 997 1499 1028 eas
1526 981 1633 1028 inde

231 1048 385 1099 duffias
407 1056 709 1112 proponeret;
755 1061 838 1091 nos
857 1062 1041 1109 quoque
1061 1063 1130 1091 eas
1150 1044 1253 1092 inde
1287 1046 1531 1104 sumemus,
1559 1048 1632 1095 sed

229 1121 307 1174 ita,
330 1127 378 1163 vt
397 1115 604 1179 quasdam
628 1113 728 1158 alias
741 1112 1005 1159 adiiciamus.
1040 1111 1251 1161 Posthaec
1270 1112 1326 1160 de
1346 1124 1449 1162 toto
1462 1131 1634 1178 ⁴genere

229 1187 388 1235 harum
418 1181 750 1229 dubitationum
772 1182 983 1228 dicemus.
1274 1221 1279 1225 ,
1623 1223 1630 1228 ,

339 1261 413 1307 28·
446 1255 513 1297 Ac
527 1251 670 1314 prima
688 1250 735 1294 in
760 1265 839 1294 ore
857 1248 969 1294 solet
986 1245 1071 1294 effe
1093 1250 1382 1312 repugnantia
1398 1250 1460 1295 rei
1481 1250 1634 1308 totius,

228 1330 421 1388 propter
442 1333 599 1383 quam,
631 1326 680 1361 vt
704 1313 993 1380 Wrenfilstus
1015 1316 1096 1372 ait,
1124 1332 1209 1379 pro
1231 1315 1410 1362 lenitate
1427 1316 1508 1372 sua,
1527 1334 1630 1382 pro-

231 1388 385 1437 babilis
406 1402 500 1434 non
521 1382 572 1430 sit
595 1384 806 1429 sententia
827 1381 989 1437 nostra,
1024 1392 1071 1429 vt
1090 1386 1123 1428 I.
1146 1386 1195 1428 A.
1220 1383 1486 1440 Dratinus,
1500 1384 1633 1432 'credi

230 1474 327 1505 non
347 1453 499 1520 poffit,
548 1449 619 1498 sed
636 1449 860 1515 repudiari
880 1448 1048 1497 debeat.
1129 1452 1188 1496 Ea
1216 1453 1510 1514 repugnantia
1528 1449 1634 1499 esset

231 1520 440 1591 profeEto
458 1520 503 1568 in
525 1518 736 1566 sententia
753 1515 908 1573 nostra,
930 1533 1117 1581 eamque
1136 1515 1221 1563 sola
1239 1515 1514 1565 absurditatis
1525 1533 1632 1566 con·

231 1595 452 1645 vinceret,
494 1587 524 1634 fi
545 1587 833 1649 praesentiam
855 1582 1078 1648 physicam
1101 1581 1406 1640 statueremus,
1438 1602 1550 1650 quae
1571 1583 1633 1633 est
1658 1583 1662 1587 ’

229 1656 469 1708 necessario
492 1651 686 1708 visibilis,
729 1663 774 1698 et
802 1653 890 1698 loci
915 1653 1042 1698 vnius
1073 1652 1273 1698 terminis
1296 1653 1632 1718 circumscripta,

231 1738 282 1776 vt
308 1726 394 1773 fuit
415 1719 572 1781 Christi
594 1723 638 1766 in
662 1720 729 1765 his
751 1721 879 1766 terris
899 1719 1084 1779 agentis.
1161 1717 1246 1764 Sed
1274 1719 1408 1765 talem
1435 1720 1632 1786 praesen-

231 1797 344 1844 tiam
373 1808 467 1839 non
486 1787 764 1851 agnoscimus
795 1802 879 1833 nec
908 1783 1186 1832 defendimus
1195 1807 1208 1840 3
1251 1784 1398 1851 estque
1426 1785 1630 1836 testatum

232 1862 442 1911 omniurn
460 1855 713 1904 nostrorum
736 1853 790 1900 de.
813 1872 861 1901 ea
880 1870 927 1898 re
948 1853 1092 1907 libris,
1130 1851 1174 1898 id
1202 1869 1343 1914 genus
1364 1855 1631 1918 praesentiae

212 1928 322 1978 ‘effe
340 1927 393 1976 ab
410 1927 494 1974 hac
515 1942 563 1971 re
594 1923 802 1969 alienum.
893 1921 1036 1976 Quale
1065 1930 1215 1966 autem
1246 1921 1336 1967 hoc
1361 1923 1630 1984 praesentiae

232 1990 554 2046 Eucharisticae
573 1991 801 2044 faciamus,
829 1989 953 2052 supra
973 1985 1320 2035 demonstratum
1351 1986 1431 2045 est,
1464 2004 1629 2055 nempe

232 2064 373 2114 fimile
401 2060 597 2113 diuinae,
650 2073 763 2122 quae
790 2055 992 2119 exemplo
1022 2054 1195 2102 diuinae
1225 2054 1500 2120 praesentiae,
1525 2059 1631 2114 eius,

233 2149 351 2200 quae
373 2131 458 2178 fuit
477 2142 523 2176 et
543 2124 604 2173 est
622 2127 668 2172 in
685 2125 783 2171 Iesu
807 2124 1011 2179 homine,
1039 2121 1252 2169 declarata
1268 2120 1351 2180 est,
1372 2141 1503 2186 quam
1520 2140 1628 2171 nun-

233 2217 371 2265 quam
394 2212 632 2258 negauere‚
674 2193 747 2257 qui
770 2201 925 2238 contra
955 2207 1039 2236 nos
1061 2189 1298 2253 disputant,
1335 2190 1407 2237 sed
1425 2190 1629 2238 aduersus

235 2267 522 2316 Sabellianam
544 2276 588 2312 et
603 2261 880 2308 Socinianam
902 2254 1095 2304 haeresin
1122 2260 1215 2321 pari
1235 2256 1466 2304 nobiscum
1486 2256 1640 2307 studio

235 2331 561 2384 defenderunt:
612 2345 707 2375 non
736 2343 824 2391 quo
855 2323 907 2372 sit
934 2325 1065 2389 plane
1094 2322 1271 2380 eadem,
1315 2334 1363 2372 vt
1387 2324 1628 2389 personalis

237 2394 493 2452 eoniunffio
513 2395 676 2452 existat,
711 2392 783 2443 sed
805 2390 952 2440 similis
971 2389 1182 2439 hastenus
1196 2428 1207 2448 ,
1229 2401 1278 2438 vt
1295 2388 1400 2438 adsit
1417 2391 1628 2455 symbolis

236 2470 438 2536 corporis
461 2479 506 2514 et
524 2466 744 2525 sanguinis
768 2458 925 2508 Christi
954 2458 1186 2506 substantia
1213 2459 1308 2513 ita,1
1330 2469 1377 2514 vt
1398 2475 1488 2505 non
1513 2458 1628 2506 adest

152 2524 155 2527 Ι
236 2538 328 2586 aliis
352 2534 498 2584 rebus.
562 2537 668 2581 Eam
685 2541 834 2578 autem
855 2544 946 2576 non
967 2525 1256 2590 defendimus*
1271 2526 1497 2590 potentiae
1518 2525 1629 2574 diui-

233 2619 321 2653 nae
339 2613 626 2663 argumento,
647 2609 694 2645 vt
716 2597 910 2657 fingunt,
938 2610 1023 2641 nec
1043 2609 1143 2640 cum
1163 2587 1359 2639 Vniuersa
1381 2595 1625 2658 omniprae-

237 2673 370 2720 sentia
390 2667 731 2724 confundimus,
770 2663 843 2712 sed
861 2662 912 2711 ab
931 2679 980 2709 ea
998 2659 1326 2722 distinguimus,
1365 2669 1410 2706 et
1428 2661 1627 2709 volunta-

1517 2746 1626 2777 riam
