1682 3068
105 134 204 181 ¹104
699 133 736 164 A
754 130 797 166 ’11
835 134 866 166 1·
901 135 924 166 1

106 238 320 293 statutum
340 236 466 295 estet,
493 239 650 303 quauis
669 242 839 288 ratione
861 241 1022 288 malam
1045 237 1231 287 caussam
1254 238 1520 302 defendere,-

109 325 198 358 nec
215 310 343 374 plane
377 304 582 370 perfrifiia
603 304 708 365 effet
726 308 868 366 frons,
904 309 1029 356 fateri
1053 304 1221 355 neceise
1242 307 1367 366 esset,
1399 311 1508 358 haec

113 376 230 424 dona
258 373 356 439 post
377 374 751 433 consecrationem
780 375 864 424 effe
890 376 1062 429 eadem,
1104 393 1217 436 quae
1246 389 1347 422 ante
1370 381 1510 425 toties

112 445 210 494 baec
231 448 336 491 dona
358 440 470 490 dista
489 454 634 490 erant:
650 476 653 479 -
668 445 778 495 haec
794 444 1025 491 ascendere
1046 443 1098 490 ad
1119 447 1267 489 Deum
1288 460 1391 491 cum
1411 461 1511 508 pre-

114 511 242 560 cibus
260 521 307 557 et
325 513 558 573 gratiarum
578 510 845 568 affionibus,
888 523 933 558 vt
963 514 1075 558 illius
1097 514 1384 569 centurionis
1404 511 1514 560 Cor·-

111 578 210 628 mlii
230 578 535 641 eleemosynae
552 591 599 626 et
618 596 771 643 preces
794 579 1076 625 ascenderant
1095 579 1147 624 ad
1161 583 1326 634 Deum,
1349 591 1395 626 vt
1414 596 1514 641 pre·

114 644 190 695 ces
220 646 316 694 suas
347 648 540 696 Dauides
574 648 697 695 velut
731 646 935 694 nidorem
971 645 1241 694 vistimarum
1280 646 1514 694 ascendere

115 714 354 779 cupiebat:
396 713 587 779 denique
608 716 716 762 haec
737 715 853 762 bona
873 714 956 760 esse
977 714 1130 761 eadem
1155 716 1225 761 illa
1247 713 1363 761 dona
1383 732 1407 760 a
1429 717 1516 778 piis

114 781 283 839 oblata,
317 799 430 848 quae
448 783 549 834 sunt
570 785 691 847 prius
717 783 834 829 bona
853 785 937 829 Dei
958 783 1178 843 (Psalm.L.
1197 782 1372 844 xosqq.)
1384 800 1517 845 quam

114 845 226 903 ,fiatit
243 849 360 898 dona
377 848 596 905 fidelium,
625 851 784 914 quibus
805 854 949 905 DeuS,
980 866 1246 912 quamquam
1270 848 1399 914 ipsius
1417 861 1518 898 ante

114 917 315 975 fuerant,
343 929 494 965 tamen
515 916 766 966 delefiatur.
844 923 972 965 Haec
991 919 1092 965 sunt
1115 920 1262 981 plana,
1299 918 1518 965 haecvni·

116 988 280 1049 cuique
303 988 500 1050 primum
518 996 660 1033 totam
685 988 925 1047 Liturgiam
946 1004 1035 1033 vno
1058 997 1217 1032 tenore
1242 986 1435 1046 legenti,
1472 994 1520 1032 et

116 1070 144 1101 a
162 1053 471 1117 praeiudicatis
497 1052 781 1117 opinionibus
800 1056 999 1116 integro,
1041 1071 1126 1100 nec
1146 1051 1348 1100 afferenti
1371 1053 1521 1100 secum

114 1121 203 1171 iam
221 1130 268 1168 et
286 1131 434 1178 certo,
470 1121 576 1187 quid
597 1123 643 1168 in
666 1121 808 1169 verbis
829 1122 913 1170 effe
932 1122 1050 1177 velit,
1082 1122 1152 1167 sed
1172 1138 1323 1167 verum
1347 1120 1519 1168 sensum

116 1203 145 1234 e
162 1199 320 1237 natura
339 1189 580 1238 verborum
593 1225 605 1245 ,
649 1201 695 1236 et
715 1188 926 1238 strussura
946 1191 1160 1238 orationis
1181 1187 1432 1250 indaganti,
1474 1189 1523 1235 in

117 1268 323 1308 mentem
350 1259 533 1305 veniant
560 1256 730 1304 necess‘e
749 1255 822 1304 est.
1448 1303 1451 1306 Α

219 1325 299 1371 1113
326 1326 462 1372 etiam
490 1323 606 1372 bella
633 1329 748 1372 r‘atio
774 1323 856 1381 est,
902 1335 1095 1389 propter
1123 1340 1258 1388 quam
1297 1320 1525 1369 existimari

117 1388 248 1458 posse
266 1402 421 1452 negat,
452 1389 689 1445 Ecclesiam
708 1402 889 1457 optare,
921 1403 970 1438 vt
988 1394 1171 1456 proprie
1183 1389 1339 1439 Christi
1359 1405 1526 1452 corpus

120 1457 180 1506 de
201 1460 321 1506 altari
341 1461 386 1505 in
409 1460 586 1506 coelum
607 1477 689 1525 per
716 1460 897 1520 angelos
918 1459 1096 1506 feratur.
1173 1461 1267 1507 Hoc
1282 1460 1376 1526 stne
1399 1462 1527 1505 mira·

119 1527 232 1583 culo,
262 1543 399 1591 ,eoque
414 1531 613 1587 perenni,
647 1529 811 1591 inquit,
852 1526 955 1587 fieri
973 1531 1139 1591 nequit,
1182 1536 1224 1573 et
1242 1529 1423 1590 quotidie
1441 1540 1526 1572 cer·

121 1604 282 1643 nuntur
301 1594 485 1656 coelestia
506 1598 614 1641 dona
635 1613 688 1641 ex
705 1596 838 1643 altari
855 1603 1019 1641 terreno
1038 1611 1121 1640 non
1141 1595 1349 1640 dimoueri.
1383 1590 1527 1638 Veris-

122 1660 242 1710 fime.
290 1660 377 1708 Sed
395 1662 492 1725 quis
511 1658 585 1707 ista
608 1661 746 1708 dicit?
791 1665 976 1725 Nempe
997 1662 1054 1716 is,
1084 1661 1161 1723 qui
1182 1677 1265 1707 nos
1284 1677 1378 1707 non
1397 1658 1528 1714 audit,

125 1745 231 1777 cum
254 1744 489 1788 negamus,
529 1745 688 1793 panem
717 1738 764 1775 et
783 1730 938 1775 vinum
955 1730 1001 1774 in
1023 1745 1186 1792 corpus
1206 1739 1252 1774 et
1267 1727 1530 1788 sanguinem

126 1794 290 1845 christi
312 1796 539 1851 conuerti,
577 1795 741 1843 sublata
760 1797 899 1860 priori
927 1794 1181 1852 substantia,
1222 1795 1344 1859 quod
1373 1799 1419 1842 id
1435 1796 1529 1861 stne

127 1866 346 1918 miraculo,
373 1879 496 1926 eoque
507 1861 801 1924 peiennifieri
821 1875 1018 1928 nequeat,
1039 1874 1086 1910 et
1104 1867 1286 1928 quotidie
1308 1878 1531 1916 cernamus,

123 1931 302 1996 panem}
338 1939 379 1978 et
399 1934 537 1978 vinum
557 1948 638 1977 non
652 1932 769 1987 tolli,
794 1932 876 1995 fid
886 1948 1146 1993 permanere.
1210 1935 1317 1977 Hoc
1337 1947 1430 1977 non
1449 1930 1532 1976 ini-

130 2015 296 2065 quum,
330 2014 423 2045 non
444 1998 686 2063 impudens
704 1998 933 2045 videatur?
983 2003 1062 2045 Par
1081 2000 1287 2062 iniquitas
1308 1995 1430 2044 estin
1462 2013 1547 2051 eo,⁴

132 2065 280 2132 quod,
301 2075 349 2112 vt
364 2062 551 2113 vidimus
570 2063 726 2123 statim,
746 2065 836 2130 ipse
849 2065 978 2114 verba
991 2069 1181 2114 Canonis
1204 2068 1382 2130 tropice
1399 2067 1533 2111 inter-

133 2144 358 2201 pretatur,
388 2150 494 2180 cum
518 2143 667 2181 autem
686 2151 767 2181 nos
788 2137 951 2197 pariter
973 2133 1230 2190 oblationis,
1263 2144 1310 2179 et
1330 2131 1536 2188 sacrificii,

135 2213 185 2250 et
204 2212 351 2249 cetera
370 2199 520 2248 similia
539 2201 668 2249 verba
687 2203 861 2264 tropice
888 2202 1218 2265 interpretanda
1240 2201 1425 2247 dicimus
1437 2237 1447 2256 ,
1487 2200 1535 2244 in

136 2287 287 2334 eoque
307 2269 531 2334 sequimur
542 2267 907 2316 consuetudinem
928 2270 1144 2332 loquendi
1160 2270 1384 2316 sacrorum
1404 2266 1536 2313 libro-

136 2354 263 2392 rum,
306 2348 353 2384 et
379 2346 584 2384 veterum
616 2335 826 2383 Ecclesiae
856 2334 1133 2392 Boiiorum,
1177 2336 1381 2383 manibus
1413 2331 1534 2398 pedi-

137 2403 313 2468 busque
333 2414 570 2468 repugnat.
599 2403 692 2452 Sed
712 2404 802 2451 hoc
821 2401 883 2450 est
903 2421 1144 2450 commune
1155 2407 1310 2451 vitium
1324 2403 1540 2456 omnium,

138 2473 221 2536 qui
237 2472 346 2519 nihil
367 2474 514 2519 minus
533 2474 579 2519 in
601 2471 804 2519 docendo
826 2489 876 2524 ac
898 2471 1157 2538 disputando
1178 2470 1385 2534 spefi‘cant,
1406 2484 1538 2533 quam

142 2536 433 2586 constantiam
446 2576 457 2596 ‚
475 2556 561 2585 nec
579 2540 708 2587 certis
726 2557 779 2587 ac
799 2541 1026 2605 perpetuis
1042 2540 1289 2586 rationibus
1311 2546 1543 2598 reguntur,

142 2605 219 2656 fed
236 2605 334 2655 casu
357 2616 406 2654 et
427 2617 600 2656 temere
620 2607 844 2665 feruntur,
867 2623 959 2674 quo
979 2606 1119 2665 libido
1137 2607 1341 2674 impellit.
1384 2608 1543 2715 Itaqug

1418 2685 1509 2737 quo
