1682 3068
212 176 306 224 192
515 174 812 207 vlunrcuuz
844 176 1101 207 Auem-1111
1139 178 1321 209 Dlva!

208 280 392 333 felicitas
412 283 550 330 animi
579 282 789 338 humani,
830 281 862 329 fi
885 282 999 329 ‘nihil
1030 285 1077 329 in
1107 285 1238 330 altera
1263 285 1350 331 vita
1378 286 1619 341 inuenerit,

209 368 346 417 quam
376 349 500 415 quod
525 367 578 396 ex
607 352 691 398 hac
721 348 999 414 deportarit?
1042 349 1071 397 fi
1101 361 1344 398 contentus
1365 350 1452 399 else
1484 351 1622 400 debet

208 420 345 485 partis
363 419 408 464 in
431 419 580 483 priore
601 421 687 466 vita
706 418 838 467 bonis
859 418 974 464 suis?
1009 421 1209 466 Primum
1229 419 1288 465 illi
1309 417 1408 483 ipfi,
1438 421 1515 483 qui
1534 423 1619 466 vir·
1680 442 1682 448 ¹

207 499 353 536 tutem
379 498 428 534 et
447 485 724 551 sapientiam,
755 488 958 550 quamuis
980 502 1211 547 magnam,
1244 489 1291 533 in
1313 503 1480 534 nouam
1501 487 1620 534 illam
1681 479 1682 521 Ῐ

210 557 348 603 vitam
384 553 648 608 detulerint,
700 570 794 600 non
824 552 983 599 ssmiles
1014 565 1149 600 erunt
1180 551 1269 600 istis
1298 555 1619 602 commentitiis

212 624 396 688 Epicuri
418 623 536 677 Diis,
578 622 654 686 qui
683 623 731 676 in
758 620 1067 668 intermundiis
1086 622 1316 678 collocati,
1356 622 1622 669 conscientia

209 691 547 754 tranquillitatis
559 687 657 736 suae
675 701 721 735 et
741 690 1013 749 cogitatione
1027 691 1108 735 hac
1121 689 1165 735 se
1185 705 1463 754 peromnem
1484 701 1620 736 aeter-

211 761 400 806 nitatem
421 754 685 804 sustentant:
716 758 817 804 belle
834 758 930 804 milu'
949 757 1041 822 aest?
1074 759 1214 813 cuius,
1234 758 1476 803 meo-sensu
1489 767 1622 819 atque

211 829 384 880 animo,
419 824 624 871 celeriter
644 824 816 871 satietas
835 826 1020 870 venerit.
1089 824 1356 880 Enimuero,
1378 825 1483 888 quid
1502 823 1620 870 futu*

210 906 315 943 rum
341 889 404 938 est
434 892 510 946 iis,
579 895 656 956 qui
698 890 882 939 honeste
914 891 1096 954 quidem
1126 894 1261 941 vitam
1292 900 1622 952 transegetunt3

214 971 415 1014 aterum
445 960 662 1024 implicati
682 961 800 1006 vitae
829 960 1051 1006 humanae
1077 961 1293 1020 negotiis,
1338 975 1433 1007 non
1461 969 1622 1023 potue-

211 1028 575 1091 runtsapientiae
597 1029 774 1091 copiam
796 1043 1053 1090 comparare
1070 1043 1179 1082 eam,
1208 1044 1294 1091 qua
1313 1026 1398 1078 frui
1421 1028 1468 1072 in
1489 1026 1625 1072 altera

211 1099 304 1144 vi'ta
325 1092 530 1160 possent?
565 1094 687 1149 Quid
707 1097 772 1151 iis,
808 1097 883 1159 qui
905 1094 1065 1141 acerbo
1086 1094 1180 1141 fato
1199 1097 1244 1141 in
1265 1096 1487 1158 principio
1506 1095 1624 1140 vitae

212 1162 374 1218 fimffl,
426 1163 541 1209 nihil
573 1179 730 1209 eorum
760 1179 811 1208 ex
853 1163 938 1209 hac
973 1164 1060 1209 vita
1096 1160 1412 1225 deportarunt,
1461 1160 1622 1222 quibus

213 1230 416 1282 fruendis
438 1229 656 1278 oblefflzare
679 1230 722 1276 se
742 1228 951 1294 possent?
971 1235 1041 1276 An
1062 1231 1106 1276 in
1126 1230 1258 1278 altera
1270 1232 1356 1276 vita
1375 1228 1626 1285 nihilaliud3

214 1317 349 1366 quam
384 1297 599 1354 dormire,
650 1297 885 1343 dicemus?
957 1298 1103 1361 quales
1133 1314 1212 1344 eos
1240 1296 1373 1358 fingit
1393 1298 1452 1342 *in
1481 1295 1624 1342 limbo

213 1368 439 1418 infantum
463 1368 690 1412 Romanae
710 1362 926 1412 Ecclesiae
955 1367 1130 1428 opinio,
1209 1362 1474 1411 Incredibile
1504 1361 1625 1410 dista

217 1435 305 1491 est,
350 1435 396 1481 in
419 1444 532 1497 quot
552 1431 836 1480 difficultates
864 1434 906 1479 se
927 1433 1130 1487 induant,
1174 1433 1250 1494 qui
1277 1433 1369 1479 hoc
1388 1430 1627 1478 defendere

218 1503 437 1556 audeant,
481 1501 591 1547 nihil
611 1499 696 1547 effe
716 1504 762 1548 in
780 1503 913 1548 altera
934 1502 1038 1557 vita,
1077 1499 1198 1563 quod
1216 1514 1307 1546 non
1329 1498 1383 1546 ab
1405 1500 1488 1545 hac
1504 1515 1625 1546 mor-

215 1573 312 1628 tali,
341 1568 595 1618 neceffitate
616 1569 804 1631 quadam
828 1568 1012 1615 naturali
1031 1566 1228 1614 ducatur.
1268 1569 1514 1614 Enimuero
1535 1566 1626 1612 hoc

219 1637 464 1687 defendant
494 1635 664 1683 neceffe
694 1636 756 1682 est
784 1651 965 1688 omneS‚
1004 1636 1082 1697 qui
1111 1650 1276 1695 negare
1301 1638 1404 1681 Deo
1432 1633 1524 1679 hoc
1554 1635 1625 1679 ius

216 1704 474 1761 sustineant,
508 1716 555 1752 vt
573 1702 708 1767 poffit
729 1707 773 1749 in
799 1703 1018 1762 religione
1036 1701 1197 1768 aliquid
1217 1712 1390 1769 praeter
1410 1701 1629 1807 natural&

153 1794 159 1800 ’
218 1791 270 1825 ac
289 1770 524 1819 necessaria
547 1768 690 1819 officia
709 1768 992 1818 constituere.

170 1865 173 1866 ⁷
321 1857 396 1889 20.
468 1844 535 1886 Ac
565 1854 648 1888 nos
678 1840 734 1886 ita
764 1837 1060 1901 disputamuS,
1113 1844 1162 1883 vt
1197 1836 1360 1898 nullam
1401 1837 1623 1882 rationem

219 1907 459 1972 habeamus
483 1908 705 1972 corporis,
742 1905 820 1952 suo
842 1917 1049 1968 tempore
1068 1901 1342 1950 instaurandi.
1388 1901 1524 1958 Quod
1548 1901 1626 1949 etl}
1672 1923 1674 1930 s

218 1979 334 2026 ratio
357 1976 551 2023 humana
569 1977 764 2035 ignorat:
819 1984 991 2026 tamen,
1030 1968 1062 2019 fi
1080 1969 1322 2018 austoritati
1346 1969 1542 2024 diuinae,
1577 1979 1626 2016 vt

222 2045 383 2100 debet,
428 2036 680 2089 concedens
712 2040 970 2094 crediderit,
1025 2049 1074 2085 vt
1102 2038 1277 2103 quidam
1300 2038 1460 2084 volunt
1486 2034 1625 2084 videri

222 2130 276 2159 ex
295 2114 370 2168 iis,
402 2121 558 2157 contra
578 2126 690 2175 quos
715 2108 1004 2172 disputamuS,
1034 2106 1177 2153 statim
1197 2105 1341 2153 videat
1359 2108 1529 2152 necesse
1550 2101 1625 2160 est,

222 2183 272 2228 in
297 2180 414 2227 illius
437 2194 582 2225 nouae
603 2180 715 2225 vitae
734 2178 942 2224 felicitate
962 2171 1045 2220 effe
1065 2173 1228 2221 debere
1247 2173 1375 2230 bona,
1406 2188 1517 2235 quae
1529 2171 1624 2218 nul-

223 2248 313 2296 lam
336 2244 618 2294 necessariam
638 2245 970 2310 copulationem
1002 2239 1214 2297 habeant,
1252 2257 1355 2288 cum
1384 2243 1472 2286 vita
1498 2239 1625 2302 supe÷

222 2317 363 2371 tiore,
406 2327 453 2361 et
479 2310 635 2361 officiis
664 2314 891 2365 humanis,
937 2308 1008 2356 sed
1029 2308 1307 2371 indulgentia
1337 2306 1483 2357 diuina
1501 2322 1626 2369 prae·

190 2392 203 2409 ‘·
222 2393 374 2448 parata
395 2394 442 2428 et
462 2379 667 2429 destinata
695 2379 781 2427 fint
810 2378 1140 2426 immortalitati.
1242 2379 1365 2423 Nam
1386 2371 1416 2419 fi
1434 2374 1627 2420 felicitas

224 2446 426 2497 coelestis
448 2465 550 2496 cum
573 2466 765 2514 corpore
786 2447 1105 2493 communicari
1124 2440 1278 2496 debet,
1319 2440 1476 2487 habeat
1493 2457 1627 2504 opor-
1663 2467 1665 2469 -

224 2527 296 2564 tet
311 2517 428 2563 bona
452 2518 586 2564 etiam
601 2514 843 2572 eiusmodi,
876 2530 1064 2578 quorum
1089 2513 1274 2558 suauitas
1292 2526 1373 2575 per
1391 2524 1556 2571 corpus
1571 2507 1626 2554 ad

190 2580 425 2630 'animum
458 2588 711 2647 perueniat:
774 2585 820 2628 in
861 2579 1021 2646 quibus
1061 2579 1134 2626 sua
1166 2579 1321 2642 sponte
1353 2577 1624 2636 intelligitur,

222 2650 361 2715 libeta
378 2654 479 2696 Deo
501 2653 695 2719 relinqui
718 2652 879 2698 omnia.
916 2648 1002 2696 Sed
1019 2647 1131 2695 haec
1147 2645 1319 2711 plenius
1338 2653 1384 2689 et
1403 2643 1625 2691 efficacius

1439 2710 1622 2757 demon-
