1682 3068
196 132 291 185 334
529 133 600 161 nr:
639 133 905 163 orr1clo
943 133 1220 165 culusrr

194 241 368 297 infinita
388 256 490 288 cum
511 255 723 292 aerumna
743 247 790 286 et
809 235 1000 294 molestia
1024 240 1232 300 contigit.
1282 238 1368 287 sed
1387 240 1497 292 haec
1515 257 1598 307 per

196 313 239 363 se
261 311 373 358 clara
392 309 509 356 sunt.
575 313 725 372 Atque
744 309 889 362 etiam,
918 306 1042 371 quod
1064 306 1298 354 sacerdotis
1321 310 1509 359 nomine
1525 309 1599 355 ad·

195 381 326 434 ditur,
360 373 558 424 officium
577 375 621 423 id
642 374 776 429 inesse
798 377 963 440 pariter
981 376 1187 436 in-regio,
1220 391 1363 427 vnum
1378 375 1486 428 illud
1506 377 1598 442 pla-

194 465 305 496 num
326 445 438 498 facit,
477 442 599 507 quod
627 444 744 496 Iesus
768 443 810 490 se
833 445 966 497 talem
989 460 1143 503 regem
1166 452 1212 488 et
1233 442 1452 505 pastorem
1473 445 1597 500 dicit,

195 518 274 580 qui
297 531 378 576 pro
395 513 529 560 salute
548 513 715 563 ciuium
735 524 781 563 et
798 513 950 564 ouium
972 521 1171 558 mortem
1188 509 1348 566 subeat,
1369 511 1511 566 Io.X‚
1524 526 1598 573 15.

198 597 243 631 et
265 582 308 629 id
329 582 420 628 veri
441 593 489 627 et
511 579 615 626 boni
633 582 769 640 Regis
803 590 848 624 et
866 576 1053 631 Pastoris
1072 575 1183 635 effe3
1212 577 1437 640 quod-nec
1456 576 1600 643 potest

176 650 521 713 ‚dubitationem
551 645 724 699 habere.
794 646 879 693 Sed
914 647 968 692 de
999 647 1088 693 hoc
1115 646 1165 692 ad
1186 645 1525 697 illuminandum
1544 646 1601 692 de

197 717 426 767 sacerdote
443 715 534 762 Iesu
555 714 707 762 locum
728 711 937 780 posthaec
958 712 1230 764 differemus,

298 821 461 869 Talem
492 819 628 883 igitur
654 821 823 880 Regem
841 852 851 872 ,
881 833 973 864 non
1008 815 1166 873 alium,
1201 815 1442 877 agnoscere
1472 807 1601 863 debe-

197 907 298 939 mus
317 881 611 942 Sefiuatorem
645 884 846 933 Meffiam
870 886 1133 941 Dominum,
1168 901 1258 948 quo
1283 894 1388 930 nato
1409 883 1602 944 gaudere

197 957 416 1005 debemus
437 958 539 1005 cum
558 953 761 1000 vniuerso
783 969 949 1014 genere
972 952 1186 1007 humano,
1216 967 1301 997 nec
1316 950 1435 998 illius
1457 953 1601 998 nomi-

196 1026 265 1073 nis
284 1021 550 1090 spiritualem
575 1018 841 1067 maiestatem
867 1020 951 1065 vlla
974 1029 1099 1082 parte
1117 1034 1169 1065 ac
1195 1019 1334 1064 modo
1354 1018 1445 1064 vllo
1466 1017 1599 1066 dedu·

197 1110 299 1141 cere
319 1090 372 1138 ad
391 1092 692 1138 humanorum
720 1099 766 1134 et
784 1083 1017 1134 visibilium
1035 1102 1278 1148 regnorum
1291 1085 1604 1133 humilitatem.

196 1165 363 1224 Neque
397 1161 517 1209 enim
551 1155 647 1202 satis
667 1154 803 1215 digne
833 1151 1059 1201 honorare
1077 1153 1233 1218 ipsum,
1264 1163 1340 1198 aut
1357 1152 1453 1199 satis
1475 1152 1601 1217 liqui'·

200 1224 258 1276 do
281 1227 429 1274 laetari
457 1225 632 1271 animus
662 1224 762 1287 pius
795 1221 1013 1268 natalibus
1041 1219 1176 1286 ipsius
1210 1219 1349 1286 poffit,
1382 1236 1474 1266 non
1497 1213 1610 1289 pro-⁸

198 1294 317 1344 feffio
341 1298 414 1348 ita,
444 1303 492 1339 vt
514 1290 707 1355 pastores
727 1290 1099 1342 Bethlehemitici,
1135 1291 1210 1353 qui
1241 1289 1372 1352 primi
1394 1288 1514 1350 hunc
1534 1305 1602 1334 re-

199 1381 301 1426 gem
325 1364 371 1409 in
392 1358 563 1406 stabulo
585 1358 826 1406 adorauere
848 1358 961 1415 laeti,
991 1367 1038 1404 vt
1060 1359 1186 1417 Magi
1217 1356 1270 1402 de
1297 1357 1484 1410 oriente,
1524 1348 1604 1420 qui

198 1437 245 1479 in
266 1431 337 1478 illa
356 1430 576 1476 tenuitate
598 1428 763 1474 summa
782 1443 886 1473 cum
915 1427 1077 1486 laetitia
1098 1435 1144 1470 et
1163 1425 1446 1470 veneratione
1469 1441 1604 1486 agno·
1681 1457 1682 1474 2

199 1501 329 1547 scunt
366 1494 578 1544 inuifibile
614 1511 804 1556 regnum
844 1494 1022 1540 infantis
1054 1493 1315 1538 SeruatoriS.
1391 1490 1477 1538 Sed
1515 1491 1605 1539 hoc
1681 1515 1682 1537 ;

199 1568 303 1614 mali
325 1564 386 1612 est
403 1567 448 1611 in
470 1565 553 1610 hac
573 1580 635 1619 re,
670 1561 794 1627 quod
814 1578 961 1609 rerum
984 1559 1247 1609 sensibilium
1266 1557 1604 1622 vanosplendo·

200 1653 249 1683 re
267 1637 324 1682 ita
344 1633 562 1679 excaecati
594 1632 693 1677 sunt
720 1631 939 1686 homines,
961 1636 1012 1675 'vt
1045 1626 1323 1675 inuisibilium
1347 1641 1492 1671 veram
1515 1642 1604 1671 ma-

200 1701 394 1750 iestatem
428 1709 474 1746 et
501 1698 802 1745 excellentiam
835 1697 1044 1760 dispicere
1073 1706 1118 1741 et
1147 1710 1302 1757 capere
1328 1693 1480 1740 animis
1511 1710 1607 1741 non

200 1768 378 1836 possint,
414 1766 485 1812 sed
504 1783 590 1830 ,pro
612 1766 749 1812 nihilo
771 1764 943 1811 ducant.
1011 1766 1164 1826 Itaque
1183 1761 1353 1823 semper
1372 1762 1608 1822 ingenium

202 1841 453 1886 humanum
483 1833 683 1898 procliue
713 1832 798 1878 fuit
818 1831 872 1878 ad
893 1828 1229 1895 exspestandum
1248 1831 1421 1888 Regem
1443 1839 1518 1874 aut
1538 1845 1605 1875 re-

123 1962 125 1964 *
204 1899 488 1968 gnumistius
507 1902 655 1962 Regis,
675 1898 796 1966 quod
820 1910 865 1945 et
885 1898 1092 1944 in'sensu‘s
1116 1907 1319 1944 externos
1343 1898 1606 1952 incurreret,

205 1989 353 2038 eoque
389 1969 621 2017 traherent
657 1966 790 2015 verba
818 1968 1170 2030 scripturarum,
1213 1981 1238 2009 a
1274 1962 1407 2023 rebus
1437 1961 1608 2010 sensibi-

205 2041 320 2090 libus
351 2035 482 2085 duHa
510 2036 563 2084 ad
592 2034 936 2082 adumbrandam
958 2030 1219 2080 hominibus
1239 2047 1388 2077 rerum
1415 2027 1608 2078 inuisibi-

205 2112 319 2158 lium
339 2103 663 2173 praestantiam.
695 2102 781 2151 Sed
801 2102 853 2150 ad
873 2104 1111 2150 Sacerdotis
1131 2116 1300 2146 nornen
1319 2101 1561 2164 veniamus.

236 2258 239 2260 ,
305 2215 398 2258 Iam
427 2209 621 2273 primum
653 2223 820 2254 nomen
851 2206 1016 2252 hocet
1039 2202 1228 2251 verbum
1256 2201 1502 2249 Sacerdotis
1531 2202 1609 2247 he-

205 2279 352 2328 braica
372 2275 691 2324 consuetudine
710 2272 923 2338 loquendi
942 2271 1223 2320 metiendum
1242 2268 1339 2326 effe,
1357 2272 1402 2316 in
1424 2280 1612 2334 promtu

209 2346 288 2395 est.
330 2373 332 2377 ·
353 2350 460 2392 Nec
480 2345 628 2392 minus
651 2341 784 2389 dubio
805 2351 938 2397 caret,
971 2344 1018 2387 in
1047 2339 1254 2387 hebraico
1275 2336 1499 2384 sacerdotii
1518 2353 1613 2382 ver-

207 2416 271 2463 bo
299 2415 489 2477 primam
522 2423 567 2458 et
606 2411 834 2475 propriam
873 2407 1239 2470 fignificationem
1267 2403 1354 2452 esse
1385 2405 1612 2468 ministerii,

208 2482 327 2530 vnde
349 2493 394 2527 et
413 2484 457 2526 in
480 2478 603 2525 libris
625 2475 944 2541 Apostolorum
965 2493 1045 2540 per
1063 2474 1316 2540 λειτεςγίειν
1342 2472 1612 2536 exprimitur,

207 2548 323 2600 ficut
349 2561 395 2595 et
424 2548 516 2608 ipse
548 2543 757 2598 Christus,
794 2544 1022 2590 sacerdotii
1048 2541 1197 2597 caussa,
1227 2537 1466 2605 λειτεςγός,
1496 2542 1613 2585 mini-

199 2619 297 2689 ster
329 2615 588 2680 appellatur,
627 2614 759 2660 Hebr.
783 2616 895 2668 Vlll,
918 2629 958 2661 2.
982 2614 1024 2659 6.
1102 2613 1234 2666 Nam,
1268 2606 1613 2672 quodjprimam

1569 2682 1614 2718 et
