1682 3068
324 418 473 500 DE*
525 409 1258 468 PRAESENTIA

94 513 566 578 CORPORIS
624 510 744 572 ET
794 507 1294 570 SANGVINIS
1337 507 1382 568 Ι;
1421 505 1489 564 C.

758 623 826 652 1⁸

481 696 771 743 COENA
838 691 1100 739 SACRA

6 896 118 1002 ,ἕξ
399 929 1200 981 PRAEFATIO.

95 1053 479 1182 *Superuacuum
498 1064 696 1115 laborem
720 1063 945 1131 suscepisse
970 1063 1219 1118 videamur,
1245 1069 1295 1110 et
1320 1056 1499 1110 fortasse

208 1136 311 1201 plus
339 1135 529 1199 periculi
557 1136 604 1180 in
635 1134 888 1199 publicum,
936 1149 1071 1197 quam
1099 1130 1297 1179 vtilioetis
1325 1128 1499 1176 habitu-

98 1221 203 1252 rum
215 1243 226 1261 ‚
260 1219 366 1250 cum
384 1202 548 1264 dogma
569 1201 783 1249 Ecclesiae
811 1199 982 1249 nostrae
1002 1199 1060 1246 de
1079 1197 1318 1263 praesentia
1338 1212 1500 1261 corpo·

101 1274 163 1320 ris
184 1282 231 1319 et
256 1269 475 1331 sanguinis
493 1273 523 1315 1.
547 1272 593 1316 C.
616 1271 661 1316 in
684 1273 834 1316 Coena
850 1270 965 1316 sacra
983 1267 1201 1331 explicare
1216 1276 1264 1314 et
1279 1264 1501 1314 vindicare

104 1336 385 1386 instituimus.
483 1339 604 1382 Nam
625 1335 819 1400 quaestio
840 1335 903 1382 est
920 1353 995 1391 ea,
1031 1351 1145 1398 quae
1162 1335 1317 1382 multis
1336 1334 1503 1381 multo-

104 1422 208 1454 rum
237 1405 373 1452 literis
404 1404 643 1468 explicata,
691 1414 739 1451 et
769 1405 992 1450 acerrimis
1034 1403 1162 1467 saepe
1190 1398 1505 1449 controuersiis

107 1475 294 1534 agitata,
333 1472 403 1519 vix
421 1471 583 1535 aliquid
611 1487 757 1518 nouae
775 1471 884 1518 lucis
905 1471 1107 1534 accipere
1134 1466 1259 1534 posse
1277 1468 1505 1517 videatur:

101 1542 311 1603 ‘tempora
330 1548 478 1584 autem
500 1535 642 1586 nostra
663 1537 767 1585 sunt
788 1537 1026 1594 eiusmodi,
1057 1548 1117 1595 vt,
1145 1540 1192 1584 in
1211 1536 1508 1603 disputatione

106 1609 182 1656 ina
210 1617 258 1652 et
289 1603 587 1652 controuersia
628 1605 895 1662 reuocanda,
962 1603 1131 1651 caussae
1166 1602 1341 1652 nostrae
1379 1602 1507 1653 valde

107 1671 401 1722 metuendum
419 1673 639 1721 videatur:
679 1673 849 1739 quipp
879 1675 1086 1720 homines
1113 1674 1246 1720 etiam
1276 1670 1412 1720 nostri
1447 1673 1509 1719 itt

103 1743 380 1791 'inclinauere
398 1739 452 1787 ad
483 1741 702 1788 licentiam
723 1741 780 1788 de
813 1739 1028 1805 mysteriis
1055 1740 1283 1801 religionis
1302 1737 1507 1790 Christia-

110 1826 196 1859 nae
214 1806 459 1864 iudicandi,
495 1809 740 1874 eademque
766 1808 852 1856 suis
881 1807 1319 1874 interpretationibus
1336 1810 1509 1874 aptiora

34 1874 49 1882 '
110 1875 299 1926 faciendi
321 1877 500 1937 ingenio
529 1877 745 1932 humano,
785 1889 832 1924 et
848 1894 994 1942 prope
1012 1878 1190 1941 penitus
1208 1876 1419 1935 tollendi,
1460 1884 1509 1924 vt

107 1942 358 1995 'verendum
386 1942 458 2000 sit,
507 1961 588 2000 ne,
639 1943 670 1990 {i
697 1943 1002 1992 controuersia
1039 1945 1150 1991 haec
1178 1944 1329 1992 rursus
1357 1945 1509 2007 agitari

107 2011 423 2059 'vehementius
444 2014 668 2075 coeperit,
704 2013 854 2077 plures
884 2013 1106 2059 discedant
1123 2014 1170 2059 in
1188 2022 1364 2079 partem
1396 2028 1510 2072 eam,

116 2095 230 2143 quae
259 2079 416 2124 rationi
445 2079 663 2125 humanae
685 2080 931 2144 expeditior
961 2078 1022 2128 est
1052 2092 1099 2127 et
1126 2080 1331 2136 mollior,
1372 2094 1511 2144 quam

117 2163 233 2210 quae
264 2147 517 2210 Scripturae
545 2149 700 2193 Sacrae
726 2142 1035 2196 anaor-itatem
1072 2148 1267 2195 seuerius
1298 2147 1511 2195 defendit.

116 2215 358 2260 Enimuero
376 2209 536 2259 caussas
556 2213 738 2262 instituti
760 2214 895 2263 nostri
916 2216 1164 2271 habuimus,
1185 2217 1243 2262 ita
1264 2227 1311 2263 et
1328 2215 1382 2263 ab
1394 2217 1512 2262 vani-

117 2293 209 2328 tate
226 2281 406 2338 alienas,
450 2291 495 2326 et
512 2281 566 2328 ab
586 2279 729 2330 studio
746 2282 1075 2331 controuersiae
1103 2281 1328 2340 serendae,
1369 2293 1420 2330 vt
1437 2298 1511 2330 eas

117 2366 201 2397 nos
226 2349 391 2403 cuiuis,
429 2363 525 2395 non
553 2350 683 2396 nimis
710 2353 866 2415 iniquo
904 2351 1061 2408 iudici,
1097 2351 1225 2397 facile
1242 2349 1512 2416 probaturos

120 2414 458 2463 confideremus.

214 2489 280 2530 Ac
300 2485 491 2546 primum
512 2500 593 2531 nos
614 2495 661 2531 et
686 2503 711 2531 e
741 2485 910 2550 scriptis
934 2486 1181 2534 multorum
1208 2483 1381 2535 nostrae
1401 2494 1512 2532 aeta-

119 2553 196 2607 tis,
224 2566 270 2598 et
293 2551 588 2607 sermonibus,
622 2553 710 2617 ipsa
730 2553 920 2618 denique
941 2553 1074 2611 fama,
1101 2558 1367 2620 accepimus,
1383 2570 1514 2618 prae·

92 2660 97 2664 .
124 2619 310 2666 sentiam
331 2622 531 2683 corporis
553 2632 598 2666 et
625 2620 839 2681 sanguinis
858 2622 951 2668 Iesu
970 2621 1130 2671 Christi
1157 2626 1206 2670 in
1221 2627 1373 2671 Coena
1397 2621 1514 2669 sacra

1456 2699 1514 2734 lta
