1682 3068
12 367 71 430 ἐξ
414 397 1073 495 viNDICIAE

0 545 1458 637 jARBJTR11D1„V1N1

711 661 791 690 11(

204 735 618 788 RELIGIONE
693 735 1303 792 CONSTITVENDA

67 1001 76 1006 -
357 968 405 1017 P
458 969 505 1018 R
551 968 607 1016 A
655 971 704 1016 E
750 970 798 1016 F
837 969 892 1025 A
941 969 990 1016 T
1022 971 1052 1016 I
1104 970 1161 1018 0.

52 1077 201 1204 'Vt
225 1093 320 1137 n'on
337 1105 496 1138 omnes
515 1091 717 1153 corporis
743 1086 887 1136 morbi
906 1105 987 1152 per
1005 1087 1228 1146 furorem,
1268 1098 1346 1138 aut
1375 1107 1463 1158 per

214 1159 303 1205 vim
321 1167 459 1222 atque
476 1159 693 1221 impetum
705 1193 718 1213 ,
746 1159 1036 1221 praecipitant
1056 1159 1190 1204 vitam
1208 1158 1462 1218 humanam,

56 1223 132 1285 fed
149 1225 327 1291 quidam
346 1227 478 1273 etiam
497 1224 581 1280 est,
602 1236 650 1271 vt
669 1227 834 1273 Plinius
851 1224 1067 1290 appellat,
1091 1227 1330 1288 Sapientiae
1348 1246 1463 1276 mor·-

57 1297 154 1348 Μ,
191 1309 286 1340 non
302 1295 447 1339 minus
468 1293 542 1339 ille
562 1294 745 1340 exitialis
764 1295 879 1339 vitae
898 1293 1140 1339 hominum
1160 1305 1293 1358 atque
1312 1295 1460 1343 saluti:

58 1359 122 1411 fic
140 1361 397 1408 animorum
422 1362 644 1423 pernicies
664 1377 756 1407 non
784 1359 923 1406 modo
951 1377 976 1405 a
998 1377 1231 1422 prauarum
1250 1363 1466 1428 cupidita-

60 1441 162 1480 tum
183 1428 412 1481 violentia,
456 1438 503 1474 et
519 1424 754 1481 ἀθεότητος
772 1437 908 1491 atque
932 1421 1313 1494 εἰδωλολατςείας,
1350 1447 1467 1494 quae

60 1495 262 1563 ipfiffima
282 1492 471 1549 ἀθεότης
489 1493 551 1541 est
581 1495 730 1560 (Eph.
750 1498 802 1550 11,
827 1496 925 1555 11.)
952 1494 1105 1542 furore
1125 1498 1268 1552 venit,
1310 1496 1385 1544 sed
1415 1500 1468 1547 in

62 1562 295 1613 nonnullis
314 1565 448 1610 etiam
469 1561 523 1609 ab
540 1562 631 1626 ipsa
659 1563 916 1626 sapientiae,
958 1578 1071 1626 quae
1089 1563 1311 1612 felicitatis
1331 1565 1470 1612 scien-

63 1634 124 1691 tia
148 1623 237 1679 'effe
272 1628 424 1685 debet,
474 1630 793 1694 tranquillitate
822 1629 1039 1686 naseitur3
1106 1648 1221 1695 quos
1253 1631 1471 1680 veriss‘une

65 1698 187 1752 dicas
214 1714 319 1746 curn
345 1699 508 1755 Plinio,
549 1713 637 1760 per
665 1699 921 1762 sapientiam
940 1701 1102 1758 perire.
1203 1702 1258 1746 In
1293 1700 1364 1747 his
1395 1701 1472 1750 vel

66 1768 255 1817 maxime
271 1765 495 1831 posuerim
517 1781 618 1820 eos,
649 1768 726 1830 qui
744 1763 799 1811 de
817 1765 1039 1827 religione
1059 1766 1120 1813 ita
1142 1765 1389 1833 disputant,
1416 1778 1472 1817 vt

14 1863 17 1864 ν
66 1850 180 1896 qam¹
204 1849 389 1881 omnem
426 1834 616 1880 omnino
634 1843 681 1879 ‘a
715 1839 895 1880 naturae
938 1831 1112 1880 diuinae
1155 1835 1470 1901 humanaeque

66 1899 320 1953 necestitate
339 1899 627 1965 repetendam
650 1899 936 1956 contendant,
966 1917 1114 1965 neque
1134 1903 1211 1949 vlli
1228 1906 1294 1951 rei
1312 1904 1471 1954 locum

69 1972 119 2017 in
135 1986 189 2016 ea
205 1966 479 2023 concedant,
508 1985 621 2032 quae
646 1986 741 2016 non
761 1966 1003 2017 necessariis
1022 1971 1205 2018 rationis
1225 1970 1472 2021 conclusio-

72 2033 208 2093 nibus
243 2035 544 2095 intelligatur,
609 2033 749 2100 fitque
777 2053 882 2084 cum
921 2035 1200 2101 perfestione
1241 2037 1390 2087 diuina
1424 2048 1474 2088 et

72 2098 310 2153 neeeffiiria
325 2101 523 2149 hominis
541 2111 697 2150 natura
717 2102 953 2152 necessario
973 2103 1223 2153 coniunaa.
1290 2108 1473 2156 Etenim

70 2170 223 2221 nullus
249 2169 360 2216 alius
390 2167 515 2215 facile
540 2186 666 2217 error
692 2168 774 2225 est,
839 2174 918 2236 qui
954 2181 1075 2219 tanta
1102 2174 1298 2220 veritatis
1327 2173 1479 2239 specio

76 2234 367 2299 commendet
389 2234 433 2283 se
451 2235 635 2284 humani
652 2239 818 2298 ingenii
837 2241 1040 2294 vanitati,
1069 2239 1278 2304 fallatque
1303 2243 1477 2307 impru-

30 2318 34 2322 ’
75 2305 232 2357 dentes
253 2304 484 2367 sapientiae
500 2302 785 2353 {imulatione⁸
852 2311 1078 2362 Quantam
1098 2310 1217 2354 enirn
1237 2307 1478 2371 probabili·

76 2382 217 2424 tatem
234 2369 391 2427 habet,
431 2369 463 2417 fi
484 2373 581 2435 quis
601 2372 691 2420 hoc
719 2372 762 2420 se
780 2370 896 2420 dieat
914 2390 1072 2435 agere,
1114 2386 1163 2420 vt
1178 2375 1288 2421 nihil
1305 2376 1353 2423 in
1372 2378 1478 2425 reli·

79 2441 263 2503 gionem
277 2435 547 2496 admittatur,
564 2438 687 2504 quod
707 2457 800 2487 non
818 2450 968 2488 totum
988 2459 1014 2487 a
1034 2439 1306 2506 perfefflone
1325 2442 1477 2492 diuina

81 2505 292 2563 ducatur,
315 2504 456 2571 fitque
474 2523 577 2554 cum
594 2517 750 2562 natura
766 2507 961 2555 humana
978 2509 1242 2574 copulatum
1256 2546 1268 2568 ‚
1287 2509 1478 2573 dignum

81 2573 198 2634 adeo
217 2572 440 2622 maiestate
458 2577 568 2631 Dei,
611 2574 801 2636 dignum
820 2577 990 2622 ratione
1020 2577 1230 2625 hominis.
1320 2582 1482 2628 Enim·

84 2656 193 2700 mo
216 2642 265 2693 hi
281 2659 374 2693 non
392 2641 532 2692 modo
550 2658 631 2710 per
649 2642 863 2693 summam
873 2642 1101 2694 audaciam
1110 2646 1481 2696 circumscribunt

1310 2714 1481 2765 arbitrii
