1682 3068
274 252 277 255 Δ
326 204 411 238 ιιι
433 187 731 238 utiam„
772 203 1191 236 cousrxrvxnna
1358 192 1459 253 267

6 297 251 388 ,*'³Qore5
275 310 497 374 indulgeri
514 309 654 376 poffit„
691 311 696 314 ’
730 312 849 358 Vere
867 327 978 372 ergo
1006 312 1206 359 Paullus:
1247 307 1388 375 Νᾶμον
1406 307 1458 362 ἕν

26 384 30 386 ’
57 376 366 447 ’παταῃάἶαὶει
375 373 453 428 δαὶ
469 377 546 435 τῆς
563 381 745 434 πίςεωςς
796 377 859 441 μή
875 380 1047 442 γένοιτο·
1078 379 1218 431 α’λλοί
1241 376 1314 429 miv
1334 377 1460 446 νόμον

63 450 234 512 ἶςὸμενζ
267 449 388 501 Nam
401 449 607 499 abolemus
613 446 706 509 fide
722 446 977 510 defendenda
995 449 1159 513 Iegem?
1188 450 1310 495 immo
1327 450 1459 516 legem

49 518 302 585 stabilimus.
326 516 452 562 Rom.
461 517 566 570 -IJI,
591 530 667 577 3¹2

162 585 374 636 813'Nec
390 598 497 628 vero
516 585 628 629 ratio
647 582 719 629 illa
740 580 885 629 salutis
908 579 1128 627 tenendae
1147 582 1295 643 legem
1318 581 1462 631 modo

42 648 239 706 stabilit,
283 648 584 697 neceffitatem
624 651 718 697 eius
749 647 987 695 seruandae
1017 647 1243 696 clariffime
1273 650 1463 698 demon·

60 714 259 772 strando,
294 715 369 764 sed
387 719 520 764 etiam
541 715 774 764 afferendo
792 718 1049 764 voluntatem
1066 714 1348 781 studiumque
1369 720 1464 765 eius

62 783 318 842 sermndae,
352 795 400 832 et
419 782 657 832 sanaitatis
675 802 802 833 verae
822 782 1177 849 persequendae:
1207 801 1339 848 quam
1351 802 1463 848 quo·

62 850 203 902 mbd'o
232 853 540 908 nuncians-iat,
589 853 787 918 alatque,
827 863 875 898 ct
900 851 1082 900 firmet?
1129 868 1234 900 cum
1261 852 1374 899 nihil
1399 852 1466 910 fit,

62 919 191 986 quod
207 919 355 968 valere
374 919 490 984 apud
509 921 742 969 hominem
773 922 818 967 in
837 919 915 967 tali
933 936 1002 977 re,
1043 930 1090 966 et
1106 921 1195 967 vim
1223 919 1387 967 habere
1408 919 1465 967 ad

61 987 342 1038 voluntatem
363 988 497 1035 talem
519 989 674 1053 possit,
713 986 837 1055 quod
862 1004 958 1035 non
976 985 1153 1035 abunde
1183 987 1373 1044 adferat,
1416 997 1465 1034 et

63 1054 299 1103 moueat
316 1056 471 1103 animis
491 1055 709 1104 humanis.
742 1063 892 1120 Atque
910 1057 954 1102 in
976 1071 1032 1102 eo
1051 1053 1165 1102 haud
1179 1054 1312 1103 dubie
1324 1056 1467 1117 longe

62 1125 206 1172 vineit
221 1123 388 1185 legem,
408 1141 523 1189 quae
542 1135 713 1172 metum
734 1136 782 1172 et
799 1125 921 1188 spem
940 1121 1120 1170 adhibet
1138 1124 1293 1172 animis
1312 1122 1469 1172 huma·

65 1191 137 1238 nis
148 1211 162 1246 ;
190 1206 293 1238 curn
310 1191 576 1254 Euangelioe
589 1195 701 1240 ratio
720 1202 930 1240 amoueat
948 1201 1133 1247 metum,
1148 1190 1346 1254 benigne
1363 1208 1468 1257 pro·

28 1274 33 1276 ·
64 1255 310 1312 mittendo,
351 1270 399 1307 et
417 1275 512 1307 non
531 1259 669 1307 modo
696 1260 819 1324 spem
837 1258 1041 1306 adhibeat
1061 1270 1228 1308 certam
1248 1261 1470 1326 praemio-

63 1340 169 1373 tum
199 1327 516 1385 maximorum,
565 1326 638 1373 sed
663 1330 798 1375 etiam
823 1343 1023 1373 amorem
1050 1326 1268 1386 iubentis,
1312 1330 1361 1375 in
1394 1327 1470 1374 iun

66 1392 497 1441 ratione‘clariffimis
516 1404 563 1441 et
580 1396 778 1442 maximis
798 1393 1083 1441 documentis
1103 1391 1472 1452 demonstratum,

65 1461 132 1508 Io.
150 1461 248 1517 III,
281 1467 352 1508 16.
393 1464 518 1510 Rom.
542 1462 596 1519 V,
626 1474 649 1516 8
673 1473 746 1510 cet.
785 1479 877 1526 quo
909 1461 1019 1507 nihil
1049 1463 1096 1507 in
1117 1463 1345 1510 voluntate
1373 1479 1472 1510 mo·

66 1526 231 1584 venda,
265 1537 313 1574 et
331 1527 386 1575 ad
406 1527 708 1579 obedientiam
729 1529 960 1577 allicienda
980 1527 1199 1576 efficacius
1216 1529 1321 1588 ess'e,
1365 1546 1471 1578 con·

66 1593 267 1659 sentiunt
287 1611 458 1646 omnes.
556 1597 743 1645 Accedit
761 1597 1018 1662 exemplum
1036 1600 1072 1643 I.
1094 1600 1143 1645 C.
1160 1596 1474 1646 sanfflffimum

68 1658 118 1710 et
140 1662 457 1728 pulcerrimum
482 1666 529 1713 in
557 1667 684 1712 omni
711 1681 875 1726 genere
901 1662 1175 1723 officiorum,
1220 1664 1344 1732 quod
1377 1682 1475 1713 non

67 1727 216 1795 potest
242 1747 336 1779 non
365 1733 543 1780 allicere
569 1734 767 1781 hominis
799 1733 1076 1781 voluntatem
1114 1733 1167 1779 ad
1195 1733 1475 1790 imitandum,

68 1813 167 1845 non
195 1799 333 1847 modo
352 1803 583 1849 communi
613 1801 685 1848 illa
712 1801 1021 1866 exemplorum
1051 1799 1284 1850 illustrium
1312 1804 1376 1857 vi,
1418 1807 1473 1848 de

67 1882 159 1931 qua
176 1881 313 1914 nemo
334 1867 525 1927 dubitat,
566 1868 639 1915 sed
667 1869 801 1916 etiarn
831 1870 1013 1934 propria
1041 1868 1230 1933 quadam
1259 1879 1307 1916 et
1334 1870 1475 1931 longe

68 1934 342 1998 potentiori,
388 1953 520 1999 quam
548 1937 590 1982 ei
628 1935 702 1984 dat
730 1935 1075 1992 beneficiorum,
1128 1935 1183 1983 ab
1213 1939 1308 2002 ipso
1338 1937 1473 1984 nobis

70 2002 359 2048 maximarum
379 2019 686 2050 aerumnarum
709 2014 754 2051 et
779 2007 1059 2052 cruciatuum
1088 2004 1298 2052 mercede
1323 2016 1475 2068 parto·

73 2083 199 2125 rum,
239 2068 524 2130 magnitudo,
566 2081 613 2116 et
632 2068 765 2134 ipfius
787 2075 815 2119 1.
839 2075 887 2120 C.
908 2072 962 2119 ad
980 2071 1247 2135 imitandum
1263 2071 1478 2120 leniffima

75 2145 123 2182 et
143 2138 310 2182 amoris
329 2135 574 2200 pleniffima
592 2139 824 2195 inuimtio,
854 2141 1015 2187 Matth.
1034 2142 1127 2197 XI,
1146 2155 1224 2197 29.
1260 2157 1351 2204 qua
1377 2156 1475 2187 non

70 2203 223 2267 potest
243 2219 339 2249 non
359 2207 551 2259 moueri,
590 2207 670 2270 qui
688 2207 760 2253 illa
780 2206 996 2254 beneficia
1015 2219 1062 2254 et
1079 2224 1239 2254 eorum
1267 2208 1476 2255 concilia·
1553 2254 1557 2256 ,

73 2281 223 2317 torem
240 2270 458 2332 agnoscat,
475 2284 523 2318 et
540 2283 710 2336 partam
719 2272 772 2321 ab
791 2291 847 2322 eo
866 2273 1044 2335 salutem
1063 2292 1147 2341 per
1162 2273 1298 2322 fidem
1308 2283 1476 2334 teneat,

75 2348 124 2384 et
141 2348 249 2386 vero
270 2339 402 2385 etiam
431 2339 595 2387 sentiat.

99 2458 102 2459 ⁷
174 2416 250 2461 82.
292 2405 377 2452 Sed
394 2407 505 2453 haec
521 2408 748 2466 voluntas,
782 2425 888 2457 -non
907 2405 969 2455 est
985 2407 1204 2457 imbecilla
1231 2419 1278 2458 et
1301 2412 1476 2472 ignaua,

43 2536 45 2538 q
75 2482 208 2537 ogque
231 2470 431 2521 inefficax
452 2477 501 2521 in
520 2474 717 2535 agendo,
755 2487 804 2524 vt
820 2474 887 2523 'est
915 2477 1180 2540 plerumque
1205 2479 1345 2535 iniis,
1387 2482 1477 2544 qui,

75 2542 259 2606 tlicuius
276 2543 459 2589 humani
482 2544 670 2607 exempli
689 2554 766 2591 aut
776 2545 952 2592 virtutis
971 2544 1271 2607 pulcritudine
1282 2550 1477 2608 cognita,

76 2606 266 2656 filauiter
294 2621 539 2657 mouentur
557 2610 608 2657 ad
628 2611 902 2659 voluntatem
930 2612 1151 2658 imitandi:
1194 2630 1306 2678 quae
1336 2617 1477 2676 magis

75 2677 175 2724 'voti
189 2677 549 2737 imbecillitatem,
569 2695 702 2745 quam
723 2696 863 2738 verae,
882 2690 1041 2738 certae,
1064 2691 1110 2728 et
1131 2677 1299 2730 astiuae
1319 2683 1478 2730 volun-

1377 2759 1478 2796 tatis
