1682 3068
175 153 278 218 386
512 168 588 198 DE
646 167 1253 201 orrrczovcnnrsrz

186 293 208 324 1
238 276 338 323 Pet.
363 275 438 330 II,
474 290 514 331 ς.
558 274 689 338 Apoc.
719 277 767 331 I,
797 279 840 322 6.
886 276 1006 340 quod
1035 274 1270 323 ministeria
1295 277 1396 323 Deo
1423 275 1594 325 faciunt

183 354 308 406 grata
345 358 426 406 per
462 339 620 399 fidem,
675 344 887 406 pietatem
921 355 967 390 et
996 343 1299 391 obedientiam
1332 345 1592 404 vniuersa'm,

180 427 322 475 quam
351 425 534 456 omnem
565 404 732 458 referre
760 409 811 457 ad
838 409 970 475 ipsius
1002 413 1184 473 gratiam
1208 411 1479 457 didicerunt:
1513 419 1590 459 εσ-

183 494 377 540 rumque
397 478 486 523 hoc
510 478 775 542 ministerium
797 481 939 535 etiam,
968 490 1159 545 propter
1179 479 1473 526 excellentem
1490 477 1594 544 pul-

184 543 479 600 critudinem,
519 550 678 613 regium
697 546 951 612 appellatur.

268 683 392 727 >Nec
412 696 519 728 vero
541 679 862 742 negligendum
884 682 975 729 hoc
993 683 1183 736 videtur,
1214 683 1260 729 in
1279 676 1592 743 cognoscendo

185 747 472 796 huids''verbi
494 747 586 804 vsu,
625 750 880 812 praesertim
911 747 1124 806 figurato,
1166 748 1310 812 quod,
1353 745 1428 795 etfi
1455 750 1592 795 inter-

186 815 296 863 dum
326 815 567 862 vniuersam
605 814 828 863 ministerii
868 815 1142 866 sacerdotalis
1172 817 1384 864 summam
1414 812 1593 880 spestass

183 894 338 931 tamen
357 883 578 929 interdum
601 883 737 931 modo
756 882 808 931 ad
833 894 1003 946 partem
1026 885 1213 949 aliquam
1236 885 1435 930 muneris
1453 881 1591 929 refer·

185 961 274 999 tur.
355 953 506 1014 Itaque
527 968 643 1004 non,
682 962 732 998 vt
749 951 985 999 sacerdotis
1005 952 1077 997 vel
1106 950 1330 997 sacerdotii
1358 966 1523 996 nomen
1544 950 1594 996 in

186 1020 333 1082 aliqua
354 1034 403 1063 re
421 1029 497 1064 aut
520 1020 707 1080 persona
724 1018 973 1082 vsurpatur‚
1006 1015 1064 1063 fic
1085 1015 1226 1064 statim
1245 1016 1481 1064 similitudo
1501 1017 1594 1063 vni·

184 1084 565 1144 versa-cogitanda
590 1084 674 1139 est;
744 1084 840 1133 sed,
883 1084 1115 1148 quomodo
1139 1095 1184 1130 et
1204 1094 1421 1148 quatenus
1450 1081 1594 1144 figura

188 1153 242 1202 ab
265 1151 514 1205 sacerdotio¹
529 1163 727 1216 petatur,
763 1149 1062 1212 indagandum
1079 1151 1269 1206 videtur,
1297 1168 1368 1206 ne,
1398 1149 1529 1197 latius
1548 1158 1595 1194 et

187 1221 302 1269 vltra
331 1221 548 1266 terminos
579 1218 750 1266 extensa
777 1217 1079 1276 fimilitudine,
1112 1220 1285 1281 ,ingenii
1312 1218 1494 1264 humani
1528 1217 1596 1263 in·

189 1299 323 1335 venta
348 1285 516 1332 traditis
539 1285 751 1333 diuinitus
779 1287 1153 1351 permisceantur:
1199 1303 1292 1351 quo
1323 1286 1453 1331 nimis
1488 1283 1595 1330 semss

189 1372 272 1421 per
293 1358 339 1400 in
362 1352 512 1414 figuris
531 1353 744 1400 hebraicis
773 1354 1044 1402 inclinauere
1070 1354 1152 1400 viri
1172 1354 1352 1418 optimi,
1391 1350 1463 1399 sed
1491 1348 1597 1399 con·

190 1420 271 1470 filii
291 1423 485 1468 melioris
500 1457 510 1475 ,
553 1439 688 1486 quam
708 1424 877 1483 ingenii
903 1432 948 1469 et
970 1421 1128 1469 iudicii.
1210 1419 1464 1468 Secundum
1484 1419 1595 1466 haec

191 1489 250 1537 de
270 1491 455 1537 nomine
474 1488 740 1548 sacerdotali,
761 1506 894 1556 quam
916 1491 1005 1539 vim
1023 1499 1069 1536 et
1087 1489 1213 1538 vsum
1231 1489 1395 1537 habeat
1410 1488 1458 1534 in
1468 1486 1596 1535 chri·
1629 1504 1658 1526 w

177 1555 284 1615 ⁸sto,
325 1555 568 1608 videamus.

295 1696 346 1740 In
365 1708 455 1756 quo
474 1694 671 1756 primum
695 1693 896 1741 omnium
919 1689 1308 1740 animaduertenda
1326 1689 1502 1738 videtur
1521 1705 1594 1736 va·
1663 1710 1668 1716 ·

193 1760 326 1808 rictas
349 1763 440 1806 eius
458 1761 688 1824 vsurpandi
703 1796 713 1814 ,
746 1777 850 1807 cum
871 1759 1003 1807 huius
1022 1760 1239 1807 varietatis
1259 1757 1598 1805 discriminibus-

195 1826 435 1874 Tribuitur
460 1838 608 1874 autem
630 1826 812 1875 Meffiae
829 1844 999 1875 nomen
1018 1826 1257 1874 sacerdotis
1284 1830 1329 1872 in
1352 1831 1400 1873 V.
1423 1831 1482 1872 T.
1502 1826 1597 1888 qui-
1656 1822 1659 1830 “

195 1894 299 1941 dem
319 1893 496 1948 duobus
517 1897 706 1942 omnino
726 1896 860 1952 lucie,
902 1911 992 1941 vno
1024 1896 1070 1940 in
1095 1894 1259 1941 Psalmo
1280 1894 1377 1950 CX,
1397 1909 1441 1951 4.
1457 1893 1597 1939 altero
1655 1932 1662 1935 .

191 1964 242 2010 in
263 1962 536 2010 Zachariano
557 1964 740 2010 oraculo
759 1967 836 2019 VI,
861 1978 880 2007 1
894 1978 915 2018 3
933 1982 944 2007 ε
986 1973 1030 2008 at
1049 1963 1095 2008 in
1117 1965 1178 2008 N.
1199 1965 1258 2007 T.
1275 1959 1420 2016 libris,
1449 1972 1597 2023 neque

194 2029 425 2078 sermones
453 2029 549 2076 Iesu
569 2029 728 2078 Christi
758 2032 806 2077 in
827 2029 1076 2090 Euangeliis
1105 2040 1181 2076 aut
1202 2027 1532 2092 Apostolorum>
1550 2027 1599 2074 in

195 2096 341 2152 Astis,
371 2109 519 2160 neque
538 2095 746 2163 epistolae
766 2095 1061 2162 Apostolicae,
1094 2095 1334 2143 Sacerdotii
1353 2098 1384 2141 Ι.
1403 2096 1451 2141 C.
1473 2109 1598 2140 men-

195 2166 371 2212 tionem
399 2163 595 2221 faciunt,
648 2177 822 2229 praeter
849 2182 981 2212 vnam
1021 2162 1074 2211 ad
1099 2163 1334 2211 Hebraeos
1365 2145 1598 2226 epistoiam

194 2233 358 2286 Paulli,
395 2248 510 2295 quae
537 2243 584 2279 et
605 2233 758 2280 Psalmi
775 2233 906 2281 verba
935 2240 1260 2279 commemorat
1285 2228 1337 2277 ad
1366 2227 1598 2291 Iesumquc

196 2299 357 2352 refert,
399 2309 446 2345 et
464 2300 708 2348 Sacerdotis
730 2297 1077 2347 summi'nomen
1097 2299 1244 2345 eidem
1264 2297 1442 2351 tribuit,
1479 2304 1526 2341 et
1542 2291 1598 2342 ad

197 2368 295 2413 eius
313 2364 510 2415 astiones
530 2385 614 2431 pro
630 2368 766 2415 salute
787 2369 1026 2415 hominum
1049 2366 1250 2431 applicat.
1327 2366 1480 2427 Itaque
1515 2377 1599 2408 no-

196 2450 304 2481 men
334 2435 424 2480 hoc
457 2452 479 2480 a
500 2433 665 2498 duplici
687 2434 826 2498 figura
846 2433 1006 2485 Christi
1023 2435 1071 2482 in
1091 2439 1145 2484 V.
1167 2437 1226 2480 T.
1246 2432 1441 2490 ducitur,
1481 2428 1599 2476 Mel-

198 2500 432 2549 chisedeco
456 2512 504 2549 et
526 2508 720 2552 Aarone.

1511 2625 1598 2677 Sed
1670 2679 1675 2709 ὃ
