1682 3068
149 157 248 213 418
416 149 425 171 ’·
454 165 530 193 An
561 149 596 193 1.
632 160 929 197 c'on.x1v.·
983 167 1057 197 nn:
1088 168 1257 202 nono

154 270 188 321 fi
215 267 403 319 modum
424 280 471 317 et
492 269 615 318 vsum
636 271 901 320 charismatis
929 272 1193 321 consideres.
1293 276 1443 340 Atque
1473 293 1569 324 nos>

155 343 247 389 iam
266 340 495 386 mittamus
518 356 590 396 ea,
632 357 747 405 quae
774 339 908 388 hodie
925 341 1040 388 haud
1062 341 1197 389 dubie
1224 342 1273 387 in
1292 346 1560 392 commentis
1636 393 1643 401 Ι

155 417 418 474 ponuntur:
469 407 607 471 quale
633 405 713 467 est,
756 407 878 474 quod
906 412 1087 456 Veteres
1117 425 1280 472 genera
1306 410 1563 471 linguarum

154 472 397 523 numerant
424 473 478 520 ad
509 475 599 522 duo
628 476 762 540 *supra
791 475 1064 542 septuaginta
1075 493 1088 537 3
1157 493 1290 541 quem
1321 493 1574 526 numerum·

158 545 255 611 pari
287 544 482 589 vanitate
512 543 558 589 in
586 542 845 592 confusione
871 546 1125 605 linguarum
1147 544 1414 608 Babylonica
1437 562 1566 593 exor-

159 623 281 666 tum,
312 620 358 656 et
380 612 426 655 in
448 626 611 671 genere
631 610 826 659 humano
846 611 1078 668 seruatum,
1106 612 1294 660 finxere:
1329 613 1450 678 quod
1471 614 1573 661 vni*

162 681 324 744 cuique
348 676 567 742 Apostolo
589 680 659 727 vel
680 682 829 726 omnia
848 681 920 726 illa
941 697 1104 742 genera
1123 680 1346 736 tribuunt,
1380 682 1449 727 vel
1469 683 1567 745 plu·

159 765 231 804 ra,
264 746 335 794 vel
356 745 557 810 denique,
589 757 637 794 vt
655 747 786 796 video
805 748 982 812 placere
1002 749 1312 813 Chrysbstomo‚
1333 748 1451 799 illud,
1472 763 1575 812 quo-

162 831 277 881 opus
296 813 499 861 futurum
520 825 611 861 erat
632 817 677 861 in
697 816 1046 876 regionibusffis,
1080 815 1133 862 ad
1152 833 1259 879 quas
1282 813 1384 862 esset
1403 817 1577 880 cuique»

162 881 365 930 eundum
393 880 585 928 docendi
609 881 773 940 cauffa3
807 882 938 947 super
956 883 1119 949 quibus
1137 888 1299 948 pariter
1318 883 1482 940 multa,
1502 884 1570 938 inq

162 961 236 999 ter
254 950 396 996 varios
421 947 648 1007 diffensus,
687 949 960 1008 confinxere,
1003 961 1052 998 vt
1070 967 1215 1014 nuper
1243 949 1361 997 bene
1381 949 1578 997 demon*

162 1016 315 1065 strauit
332 1017 536 1065 Semlerus
557 1019 607 1063 V.
626 1020 666 1063 S.
691 1021 743 1066 R.
763 1019 810 1064 in
832 1016 924 1064 hist.
945 1016 1095 1078 dogm.
1114 1017 1228 1074 fidei,
1248 1035 1292 1082 p.
1314 1033 1393 1077 41.
1436 1015 1578 1074 lllud,

166 1084 292 1152 quod
316 1088 530 1131 maiorem
550 1084 684 1132 habet
707 1083 1037 1142 difficultatem.
1056 1084 1294 1142 videamus,
1329 1087 1459 1148 super
1478 1101 1577 1149 quo

103 1152 106 1155 ’
165 1171 219 1201 ex
237 1161 363 1218 parte
382 1152 617 1215 disputatio
648 1151 722 1198 illa
746 1154 793 1198 in
811 1154 1034 1198 Britannia
1061 1155 1219 1214 agitata
1242 1151 1322 1208 est,
1361 1163 1411 1199 vt
1441 1152 1572 1215 supra

165 1220 367 1268 diximus.
435 1222 493 1265 Et
515 1217 560 1265 id
579 1221 732 1282 quaeri
753 1229 798 1266 et
818 1220 1024 1284 explicari
1043 1221 1240 1268 multum
1257 1219 1417 1275 refert3
1447 1217 1574 1285 quod

166 1288 222 1336 ab
249 1304 305 1334 eo
335 1288 524 1333 maxime
551 1286 720 1352 pendet
747 1288 1043 1349 intelligentia
1075 1290 1230 1353 capitis
1257 1289 1349 1339 ΧΠ.
1381 1297 1426 1333 et
1459 1289 1572 1334 XIV.

166 1356 331 1422 prioris
360 1355 582 1403 Paullinae
614 1354 668 1401 ad
701 1356 959 1403 Corinthios
987 1353 1230 1421 Epistolae,
1267 1365 1318 1403 vt
1341 1371 1411 1401 res
1443 1354 1581 1401 docet:
1616 1380 1619 1381 ⁷

166 1424 279 1490 ipsa,
319 1431 365 1470 et
384 1422 582 1484 agnoscit
601 1423 786 1471 Clericus
815 1422 867 1470 ad
895 1425 938 1471 h.
960 1425 988 1470 l.
1009 1425 1086 1489 qui
1107 1434 1153 1471 et
1170 1422 1263 1489 ipse
1293 1422 1461 1469 nullam
1488 1433 1598 1470 mae·

167 1494 236 1555 gis
263 1490 323 1538 ob
352 1490 538 1552 cauffgm
568 1490 681 1538 nihil
709 1493 750 1538 ei
782 1491 886 1539 loco
913 1491 1023 1539 lucis
1044 1492 1211 1547 attulit,
1251 1492 1396 1538 immo
1425 1491 1576 1537 omnia

165 1575 311 1626 paene
331 1561 461 1621 nugis
481 1557 672 1617 refersit,
715 1575 848 1623 quam
861 1596 872 1617 ‚
909 1559 1032 1625 quod
1051 1557 1237 1606 modum
1256 1568 1304 1605 et
1323 1557 1443 1604 vsum
1462 1557 1579 1604 illius

166 1625 459 1692 χοιξίσ-ματος
477 1643 569 1674 non
587 1625 805 1674 assecutus
824 1637 927 1675 erat.
1008 1630 1080 1674 De
1100 1627 1192 1674 hoc
1209 1626 1371 1686 igitur,
1395 1622 1579 1686 seposita

168 1697 300 1743 omni
329 1697 525 1742 humana
552 1692 840 1750 austoritate,
886 1694 1079 1759 solisque
1109 1693 1324 1740 orationis
1351 1692 1578 1739 Paullinae

168 1761 362 1823 vestigiis
380 1760 711 1828 persequendiS,
741 1759 991 1817 videamus,
1026 1759 1059 1807 fi
1080 1760 1132 1807 ad
1151 1776 1307 1808 verum
1328 1761 1578 1823 peruenire3

171 1841 220 1879 et
239 1828 393 1889 eadem
414 1846 551 1893 opera
570 1829 676 1875 lucis
697 1825 860 1893 aliquid
883 1829 987 1876 loco
1005 1828 1206 1875 Paullino
1227 1825 1455 1874 affundere
1474 1828 1578 1892 pos-·

109 1891 127 1902 ⁵
167 1897 321 1948 fimus,
423 1897 508 1943 Sed
536 1897 646 1943 haec
665 1894 900 1961 disputatio
920 1896 1051 1944 nobis
1070 1897 1129 1942 ita
1148 1893 1285 1941 diuisa
1314 1891 1385 1950 fit,
1423 1903 1469 1942 vt
1492 1895 1581 1959 pri-v

168 1981 321 2020 mum,
366 1967 443 2030 qui
471 1962 589 2021 finis,
628 1965 706 2028 qui
724 1963 821 2011 vsus
850 1964 966 2011 illius
995 1963 1101 2010 doni
1129 1961 1285 2016 fuerit,
1328 1960 1492 2008 discere
1522 1959 1580 2008 ab

170 2029 413 2098 Apostolo‚
457 2030 618 2080 deinde
646 2048 698 2079 ex
717 2048 774 2080 eo
800 2032 1006 2097 inprimis
1036 2028 1236 2079 indolem
1256 2030 1351 2077 eius
1379 2028 1578 2096 reperire

170 2110 416 2150 tentemus-

268 2239 359 2285 Iam
387 2251 482 2284 non
509 2237 695 2297 ignoro,
733 2235 958 2285 veteribus
985 2236 1044 2284 ita
1075 2232 1301 2300 placuiss‘e,
1344 2233 1487 2297 iisque
1514 2231 1581 2300 πρέ

176 2307 402 2353 centiores
440 2303 639 2351 vniuerso
679 2302 1012 2370 propemodum
1048 2303 1261 2350 coniensu
1299 2298 1579 2365 adstipulatus

179 2369 285 2430 effe,
324 2381 373 2420 vt
393 2372 660 2419 charismatis
680 2372 794 2421 illius
814 2371 916 2418 finis
934 2370 1175 2421 referretur
1193 2369 1248 2416 ad
1267 2367 1391 2417 vsum
1422 2369 1478 2413 in<
1498 2365 1580 2413 do-

178 2438 324 2486 cendo
354 2440 601 2500 Euangelio
649 2438 768 2504 apud
805 2450 963 2500 gentes
1001 2437 1229 2486 vniuersas.
1294 2437 1445 2482 ¹Nam
1477 2431 1581 2479 inde

175 2508 329 2553 omnia
349 2507 440 2553 fere
457 2507 529 2554 illa
548 2517 803 2554 commenta
823 2520 1021 2555 veterum
1033 2541 1044 2561 ‚
1084 2521 1195 2569 quae
1211 2513 1314 2551 ante
1334 2502 1580 2563 tetigimus,

175 2584 281 2621 nata
307 2574 417 2621 sunt.
517 2578 577 2622 Et
595 2584 691 2621 erat
706 2575 911 2639 procliue
928 2574 982 2622 ad
1001 2574 1116 2620 hanc
1131 2572 1393 2636 opinionem
1414 2570 1582 2625 venire,

174 2656 274 2693 rem
301 2658 354 2688 ex
382 2641 556 2702 vulgari
587 2643 840 2705 linguarum
870 2642 947 2691 vsu
983 2638 1320 2689 aestimantibus.
1411 2633 1506 2748 Sec}
1534 2632 1583 2696 id

1128 2722 1132 2731 ’-
1433 2717 1480 2767 lp
1499 2717 1581 2749 um
