1682 3068
209 198 306 253 268
491 212 792 262 7νιιειπσ-υιιε
834 213 1085 245 Auen-111
1125 216 1306 246 mvnu

174 374 179 383 .
205 322 307 366 tatis
328 315 584 364 firmitatem
605 317 751 366 habet.
788 323 894 368 Nec
907 322 1050 376 enim,
1079 320 1200 386 quod
1221 320 1606 384 optamusanobin
1674 330 1682 357 ’Ἴ

205 385 322 440 fieri,
360 384 404 432 id
426 385 598 450 semper
623 386 768 438 facere
784 388 892 436 serio
915 389 1144 443 volumus,
1191 387 1462 452 obstantibus
1492 402 1605 440 voto
1673 380 1682 394 ε

205 454 302 503 aliis
323 452 650 517 cupiditatibus,
682 465 770 512 aut,
801 473 913 520 quae
932 457 1153 513 volumus,
1191 453 1607 521 eadem'poss‘umus.

203 524 361 585 Itaque
380 522 551 567 Paullus
569 519 799 570 restiffime
817 521 1044 584 distinguit
1061 526 1187 580 velle,
1227 535 1274 571 et
1280 524 1452 587 facere,
1495 541 1613 589 quae

201 589 339 645 velis,
363 590 484 635 Rom.
509 589 611 647 VII,
639 589 707 648 ¹5¹·-
732 607 803 637 22.
826 607 900 648 23.
939 594 1051 639 Phil.
1072 594 1136 648 II,
1165 607 1234 649 13.
1277 603 1324 639 et
1343 608 1439 640 non
1456 591 1606 638 neces·

202 656 312 703 sario
331 654 568 704 coniunfi'ta
588 655 798 715 ostendit,
839 658 1012 707 secutus
1043 657 1254 720 magistri,
1297 663 1325 706 1.
1349 662 1396 707 C.
1417 657 1606 707 austori-

201 726 487 788 tatem,1qui
509 725 776 772 voluntatem
806 737 1001 790 paratam
1038 726 1165 792 saepe
1197 725 1374 774 destitui
1398 726 1550 774 docuit
1579 743 1607 775 ι

200 793 359 838 virium
389 791 713 849 imbecillitate,
748 795 907 841 Matth.
935 794 1129 851 XXVI,
1161 810 1238 852 41.
1338 794 1604 855 Euangeliou

201 870 354 907 autem
380 861 493 906 ratio
514 858 645 906 habet
669 860 786 907 hanc
803 863 917 916 vim,
956 875 1006 908 vt
1034 865 1166 910 etiam
1195 863 1432 925 promittat
1457 873 1503 909 et
1530 859 1607 909 det

154 958 157 959 ν
185 928 441 990 facultatem
461 926 722 983 obediendi,
762 944 979 992 veraeque
999 927 1235 976 sanstitatis
1254 927 1605 994 consequendae,

199 1005 248 1043 et
266 993 325 1041 fic
345 1011 447 1042 vere
463 1011 514 1041 ac
531 997 714 1059 proprie
743 996 889 1056 legem
917 994 1075 1044 stabilit
1099 1013 1150 1043 ac
1176 996 1309 1044 sancit
1336 1013 1419 1061 per
1449 993 1603 1055 fidem,

197 1078 308 1126 quae
329 1061 521 1109 diuinam
542 1063 690 1110 salutis
711 1063 1045 1127 promiffionem
1067 1081 1174 1111 vero
1203 1065 1352 1111 animo
1373 1064 1604 1128 complexa

198 1127 272 1177 est.
382 1135 527 1185 Quam
551 1133 641 1177 vim
675 1132 716 1176 ei
747 1148 849 1178 cum
870 1141 965 1178 tota
986 1131 1211 1191 Euangelii
1231 1129 1428 1179 doeh-‘ina
1449 1129 1603 1184 asserit,

195 1208 296 1245 tum
324 1197 498 1244 Paullus
525 1201 749 1263 inprimi&
850 1203 972 1247 Nam
1002 1202 1124 1248 Rom.
1161 1200 1306 1254 VIII,
1342 1215 1381 1245 1.
1407 1198 1601 1247 absoluta

160 1273 163 1276 ’
194 1263 593 1321 demonstratione,
637 1283 769 1330 quam
790 1268 835 1312 in
852 1284 902 1313 ea
919 1265 1104 1331 epistola
1128 1266 1396 1331 susceperat,⁴
1430 1277 1477 1313 et
1505 1267 1600 1313 eius

194 1333 362 1380 summa
386 1335 598 1396 repetita,
639 1350 753 1397 quae
773 1337 844 1381 vni
871 1333 972 1382 fidei
1003 1337 1048 1381 in
1081 1337 1113 1380 Ι.
1145 1337 1190 1381 C.
1219 1335 1523 1381 innocentiam
1554 1343 1602 1381 et

192 1401 467 1454 securitatem
487 1417 511 1446 a
531 1401 659 1465 culpa
679 1413 726 1448 et
747 1418 894 1466 poena
912 1411 1198 1466 peccatorum
1220 1399 1434 1456 attribuit,
1453 1399 1599 1449 eidem

191 1470 282 1515 vim
313 1467 367 1514 ad
399 1485 546 1516 veram
575 1466 847 1516 sanffltatcm
875 1468 1197 1530 generandam,
1263 1480 1310 1516 et
1337 1468 1598 1517 facultatem

193 1534 431 1583 obediendi
466 1538 554 1598 leg'i
584 1535 760 1584 diuinae
781 1537 987 1585 vindicat.
1089 1541 1223 1584 Hanc
1248 1546 1398 1584 autem
1427 1538 1515 1583 vim
1552 1546 1600 1583 et

191 1605 444 1652 facultatem
466 1603 586 1651 ducit
604 1605 731 1660 hinc,
767 1622 807 1661 v.
831 1622 871 1650 2.
888 1602 1011 1668 quod
1035 1621 1137 1650 cum
1156 1602 1245 1650 fide
1262 1602 1391 1650 detur
1417 1601 1599 1666 πνεῦμα,

190 1670 265 1725 τῆς
283 1666 416 1737 ζωῆς,
448 1673 472 1717 i.
494 1690 530 1718 e.
550 1667 771 1736 ζωοποιεῖν,
794 1672 984 1734 spiritus
1002 1672 1157 1726 vitalis,
1192 1687 1430 1734 perquem
1453 1671 1596 1719 homo

189 1737 404 1787 liberetur
431 1738 528 1789 α’πό
557 1737 612 1787 τέ
630 1735 741 1801 νέμε
760 1738 833 1795 τῆς
857 1736 1110 1805 εἱμαςτῖας,
1148 1739 1220 1800 χρὴ
1245 1739 1302 1789 τέ
1320 1735 1529 1799 θανάτε,
1567 1757 1595 1787 a

189 1809 276 1872 lege
292 1816 334 1853 et
349 1807 552 1870 potestate
570 1808 785 1869 mortiferi
804 1810 989 1868 peccati,
1031 1804 1086 1851 de
1105 1822 1191 1868 qua
1212 1805 1430 1870 superiori
1449 1807 1594 1871 eapite

187 1885 363 1936 egerat,
401 1874 444 1920 h.
466 1891 503 1920 e.
524 1873 576 1920 ab
594 1874 665 1922 illa
683 1891 776 1921 non
797 1874 934 1920 modo
958 1867 1188 1938 ἀδυναμίᾳ
1215 1874 1325 1934 legis
1346 1873 1596 1931 seruandae,

186 2011 292 2072 lege
312 2026 406 2055 non
426 2010 612 2067 tollitur,
641 2009 744 2066 VII,
761 2027 798 2067 5.
810 2008 857 2070 ι’)
877 2008 948 2055 sed
970 2011 1118 2073 potius
1137 2008 1344 2065 irritatur,
1362 2012 1456 2056 ibid.
1469 2020 1492 2062 8
1494 2010 1593 2074 sqq.

186 2079 368 2128 Etenim
391 2075 515 2142 quod
532 2077 602 2124 lex
622 2075 796 2125 efficere
814 2093 909 2122 non
932 2077 1154 2140 potuerit,
1190 2072 1323 2123 frafila
1341 2078 1435 2124 eius
1454 2079 1518 2131 vi,
1545 2086 1592 2124 et

186 2145 356 2195 sublata
375 2162 456 2210 per
478 2155 662 2193 naturae
681 2146 898 2192 humanae
918 2142 1285 2199 imbecillitatem}
1313 2154 1366 2190 et·
1379 2143 1591 2192 vitiorum

186 2215 490 2265 humanorum
517 2214 606 2259 vim
638 2214 771 2272 longe
803 2214 1038 2265 maiorem,
1078 2210 1124 2258 id
1151 2213 1322 2269 Deum,
1362 2210 1590 2258 misertum

186 2284 364 2348 generis
385 2281 584 2338 humani,
594 2277 797 2341 effecisse,
815 2297 899 2346 per
909 2278 1050 2328 Iesum
1063 2274 1297 2334 Christum,
1306 2280 1366 2326 ita
1377 2274 1589 2356 destruam

1542 2363 1588 2393 vi

234 2452 275 2508 ¹²)
295 2447 409 2495 ''O-re·
429 2443 527 2508 ἦμεν
544 2449 585 2494 ἐν
595 2450 648 2502 τῆ
669 2447 803 2507 σαρκὶ,
827 2446 887 2492 τοὶ
902 2443 1151 2505 παθήματα
1171 2448 1255 2507 τῶν
1273 2447 1499 2505 ἁμαρτιῶν,
1527 2444 1587 2491 ταὶ

298 2505 363 2552 διαὶ
391 2507 448 2550 τῖε
473 2501 595 2562 vdua,
628 2501 832 2566 ’ἐνηξγὲῖτο
858 2505 899 2549 ἐν
927 2509 1015 2554 τοῖς
1035 2504 1209 2559 μέλεσιν
1233 2502 1363 2554 ἧμόἱν,
1389 2503 1413 2542 i.
1430 2517 1464 2543 e.
1494 2516 1586 2544 cum

297 2563 426 2604 adhuc
442 2575 595 2603 eramus
618 2562 735 2603 alieni
763 2575 786 2601 a
803 2559 882 2601 fide
900 2560 1062 2608 Christi,
1100 2560 1357 2599 adhaerentes
1390 2557 1461 2598 soli
1489 2560 1583 2613 legi,

294 2618 352 2661 vis
380 2618 575 2670 peccatrix
605 2617 880 2670 cupiditatum,
924 2630 1025 2669 quae
1055 2630 1143 2655 cum
1169 2617 1258 2667 lege
1286 2614 1470 2654 manebat
1497 2610 1585 2665 (vol

252 2689 263 2698 ··
297 2668 364 2720 ὁωέ
383 2675 438 2715 r}
454 2667 567 2729 νέμε,
596 2685 636 2712 vt
654 2673 757 2713 Rom.
778 2673 834 2723 11,
851 2673 939 2726 27.)
957 2673 1122 2725 integra,
1153 2669 1350 2722 efficacem
1362 2667 1402 2711 se
1420 2670 1586 2711 demon-

297 2728 437 2774 arabat
454 2729 494 2770 in
512 2728 693 2770 omnibus
712 2729 883 2783 partibus
902 2739 1062 2769 naturae
1082 2725 1246 2767 nostrae.
1327 2719 1341 2734 ⁰
