<?xml version="1.0" encoding="UTF-8"?>
<!DOCTYPE html PUBLIC "-//W3C//DTD XHTML 1.0 Transitional//EN"
    "http://www.w3.org/TR/xhtml1/DTD/xhtml1-transitional.dtd">
<html xmlns="http://www.w3.org/1999/xhtml" xml:lang="en" lang="en">
 <head>
  <title>
</title>
<meta http-equiv="Content-Type" content="text/html;charset=utf-8" />
  <meta name='ocr-system' content='tesseract 3.04.00' />
  <meta name='ocr-capabilities' content='ocr_page ocr_carea ocr_par ocr_line ocrx_word'/>
</head>
<body>
  <div class='ocr_page' id='page_1' title='image "./opusculatheologi00erneuoft_0154.png"; bbox 0 0 1682 3068; ppageno 0'>
   <div class='ocr_carea' id='block_1_1' title="bbox 216 206 1290 255">
    <p class='ocr_par' dir='ltr' id='par_1_1' title="bbox 216 206 1290 255">
     <span class='ocr_line' id='line_1_1' title="bbox 216 206 1290 255; baseline 0.005 -21"><span class='ocrx_word' id='word_1_1' title='bbox 216 206 311 255; x_wconf 68' lang='lat'>132</span> <span class='ocrx_word' id='word_1_2' title='bbox 404 216 407 218; x_wconf 93' lang='lat'>·</span> <span class='ocrx_word' id='word_1_3' title='bbox 537 207 614 236; x_wconf 51' lang='lat' dir='ltr'>DE&gt;</span> <span class='ocrx_word' id='word_1_4' title='bbox 646 206 984 238; x_wconf 64' lang='lat' dir='ltr'>PRAESENTni</span> <span class='ocrx_word' id='word_1_5' title='bbox 1030 210 1290 239; x_wconf 75' lang='lat' dir='ltr'>CORPORIS</span> 
     </span>
    </p>
   </div>
   <div class='ocr_carea' id='block_1_2' title="bbox 167 312 1617 2672">
    <p class='ocr_par' dir='ltr' id='par_1_2' title="bbox 209 312 1617 1121">
     <span class='ocr_line' id='line_1_2' title="bbox 264 312 1615 377; baseline 0.006 -19"><span class='ocrx_word' id='word_1_6' title='bbox 264 340 266 342; x_wconf 34' lang='lat' dir='ltr'>v</span> <span class='ocrx_word' id='word_1_7' title='bbox 311 331 362 371; x_wconf 90' lang='lat'>7.·</span> <span class='ocrx_word' id='word_1_8' title='bbox 402 316 508 359; x_wconf 92' lang='lat' dir='ltr'>Nec</span> <span class='ocrx_word' id='word_1_9' title='bbox 540 312 631 359; x_wconf 91' lang='lat' dir='ltr'>hoc</span> <span class='ocrx_word' id='word_1_10' title='bbox 662 312 1042 362; x_wconf 87' lang='lat' dir='ltr'>contemnendum</span> <span class='ocrx_word' id='word_1_11' title='bbox 1084 324 1400 377; x_wconf 84' lang='lat' dir='ltr'><strong>argumentum</strong></span> <span class='ocrx_word' id='word_1_12' title='bbox 1434 316 1615 374; x_wconf 82' lang='lat' dir='ltr'>videtur,</span> 
     </span>
     <span class='ocr_line' id='line_1_3' title="bbox 209 378 1617 447; baseline 0.002 -18"><span class='ocrx_word' id='word_1_13' title='bbox 209 382 335 447; x_wconf 86' lang='lat' dir='ltr'>quod</span> <span class='ocrx_word' id='word_1_14' title='bbox 355 378 565 433; x_wconf 86' lang='lat' dir='ltr'>Christus,</span> <span class='ocrx_word' id='word_1_15' title='bbox 593 378 747 427; x_wconf 90' lang='lat' dir='ltr'>iubens</span> <span class='ocrx_word' id='word_1_16' title='bbox 769 398 924 428; x_wconf 89' lang='lat' dir='ltr'>omnes</span> <span class='ocrx_word' id='word_1_17' title='bbox 943 382 1122 438; x_wconf 88' lang='lat' dir='ltr'>bibere,</span> <span class='ocrx_word' id='word_1_18' title='bbox 1142 384 1258 430; x_wconf 89' lang='lat' dir='ltr'>hanc</span> <span class='ocrx_word' id='word_1_19' title='bbox 1276 381 1462 431; x_wconf 77' lang='lat' dir='ltr'>caussam</span> <span class='ocrx_word' id='word_1_20' title='bbox 1483 384 1617 442; x_wconf 83' lang='lat' dir='ltr'>addit,</span> 
     </span>
     <span class='ocr_line' id='line_1_4' title="bbox 213 447 1616 516; baseline 0.006 -21"><span class='ocrx_word' id='word_1_21' title='bbox 213 448 338 514; x_wconf 86' lang='lat' dir='ltr'>quod</span> <span class='ocrx_word' id='word_1_22' title='bbox 358 449 511 496; x_wconf 87' lang='lat' dir='ltr'>vinum</span> <span class='ocrx_word' id='word_1_23' title='bbox 532 447 786 511; x_wconf 66' lang='lat' dir='ltr'>porrestum</span> <span class='ocrx_word' id='word_1_24' title='bbox 808 447 859 495; x_wconf 83' lang='lat' dir='ltr'>fit</span> <span class='ocrx_word' id='word_1_25' title='bbox 879 449 1053 509; x_wconf 83' lang='lat' dir='ltr'>sanguis</span> <span class='ocrx_word' id='word_1_26' title='bbox 1074 450 1189 497; x_wconf 75' lang='lat' dir='ltr'>suuS.</span> <span class='ocrx_word' id='word_1_27' title='bbox 1231 449 1342 499; x_wconf 72' lang='grc' dir='ltr'>Τὲτο</span> <span class='ocrx_word' id='word_1_28' title='bbox 1359 448 1452 516; x_wconf 59' lang='lat' dir='ltr'>‘yde</span> <span class='ocrx_word' id='word_1_29' title='bbox 1473 455 1539 506; x_wconf 75' lang='grc' dir='ltr'>ε’ςι</span> <span class='ocrx_word' id='word_1_30' title='bbox 1561 452 1616 503; x_wconf 67' lang='grc' dir='ltr'>τὲ</span> 
     </span>
     <span class='ocr_line' id='line_1_5' title="bbox 214 514 1615 582; baseline 0.002 -18"><span class='ocrx_word' id='word_1_31' title='bbox 214 514 337 578; x_wconf 73' lang='grc' dir='ltr'>αἷμά</span> <span class='ocrx_word' id='word_1_32' title='bbox 356 534 442 579; x_wconf 70' lang='grc' dir='ltr'>μεε</span> <span class='ocrx_word' id='word_1_33' title='bbox 481 533 576 563; x_wconf 84' lang='lat' dir='ltr'>nam</span> <span class='ocrx_word' id='word_1_34' title='bbox 595 517 656 564; x_wconf 81' lang='lat' dir='ltr'>lu‘c</span> <span class='ocrx_word' id='word_1_35' title='bbox 673 515 729 580; x_wconf 65' lang='lat' dir='ltr'>ast</span> <span class='ocrx_word' id='word_1_36' title='bbox 739 517 916 582; x_wconf 82' lang='lat' dir='ltr'>fimguis</span> <span class='ocrx_word' id='word_1_37' title='bbox 939 535 1059 563; x_wconf 83' lang='lat' dir='ltr'>meus.</span> <span class='ocrx_word' id='word_1_38' title='bbox 1138 521 1307 580; x_wconf 87' lang='lat' dir='ltr'>Neque</span> <span class='ocrx_word' id='word_1_39' title='bbox 1330 521 1450 565; x_wconf 86' lang='lat' dir='ltr'>enim</span> <span class='ocrx_word' id='word_1_40' title='bbox 1467 517 1511 564; x_wconf 88' lang='lat' dir='ltr'>id</span> <span class='ocrx_word' id='word_1_41' title='bbox 1527 520 1615 568; x_wconf 80' lang='lat' dir='ltr'>alio</span> 
     </span>
     <span class='ocr_line' id='line_1_6' title="bbox 210 579 1616 651; baseline 0.002 -20"><span class='ocrx_word' id='word_1_42' title='bbox 210 585 436 651; x_wconf 87' lang='lat' dir='ltr'>pertinere</span> <span class='ocrx_word' id='word_1_43' title='bbox 455 579 622 647; x_wconf 87' lang='lat' dir='ltr'>potest,</span> <span class='ocrx_word' id='word_1_44' title='bbox 665 601 818 648; x_wconf 84' lang='lat' dir='ltr'>quam,</span> <span class='ocrx_word' id='word_1_45' title='bbox 860 601 920 631; x_wconf 90' lang='lat' dir='ltr'>ne</span> <span class='ocrx_word' id='word_1_46' title='bbox 943 588 1041 647; x_wconf 88' lang='lat' dir='ltr'>quis</span> <span class='ocrx_word' id='word_1_47' title='bbox 1063 583 1282 632; x_wconf 66' lang='lat' dir='ltr'>detrestet</span> <span class='ocrx_word' id='word_1_48' title='bbox 1311 584 1487 638; x_wconf 81' lang='lat' dir='ltr'>bibere,</span> <span class='ocrx_word' id='word_1_49' title='bbox 1535 603 1616 650; x_wconf 88' lang='lat' dir='ltr'>per</span> 
     </span>
     <span class='ocr_line' id='line_1_7' title="bbox 215 650 1616 709; baseline 0.001 -9"><span class='ocrx_word' id='word_1_50' title='bbox 215 650 404 700; x_wconf 78' lang='lat' dir='ltr'>caussam</span> <span class='ocrx_word' id='word_1_51' title='bbox 425 651 650 707; x_wconf 77' lang='lat' dir='ltr'>satietatis,</span> <span class='ocrx_word' id='word_1_52' title='bbox 686 662 732 698; x_wconf 89' lang='lat' dir='ltr'>vt</span> <span class='ocrx_word' id='word_1_53' title='bbox 757 650 817 698; x_wconf 83' lang='lat' dir='ltr'>fit.</span> <span class='ocrx_word' id='word_1_54' title='bbox 919 654 1047 699; x_wconf 89' lang='lat' dir='ltr'>Enim</span> <span class='ocrx_word' id='word_1_55' title='bbox 1067 669 1198 709; x_wconf 86' lang='lat' dir='ltr'>vero,</span> <span class='ocrx_word' id='word_1_56' title='bbox 1235 651 1266 698; x_wconf 83' lang='lat' dir='ltr'>fi</span> <span class='ocrx_word' id='word_1_57' title='bbox 1286 654 1399 700; x_wconf 86' lang='lat' dir='ltr'>nihil</span> <span class='ocrx_word' id='word_1_58' title='bbox 1417 651 1545 700; x_wconf 77' lang='lat' dir='ltr'>aliud&#39;</span> <span class='ocrx_word' id='word_1_59' title='bbox 1564 656 1616 702; x_wconf 90' lang='lat' dir='ltr'>in</span> 
     </span>
     <span class='ocr_line' id='line_1_8' title="bbox 211 715 1614 782; baseline 0 -14"><span class='ocrx_word' id='word_1_60' title='bbox 211 720 423 781; x_wconf 79' lang='lat' dir='ltr'>sanguine</span> <span class='ocrx_word' id='word_1_61' title='bbox 438 715 593 782; x_wconf 81' lang='lat' dir='ltr'>Christi</span> <span class='ocrx_word' id='word_1_62' title='bbox 612 717 952 779; x_wconf 85' lang='lat' dir='ltr'>intelligendum</span> <span class='ocrx_word' id='word_1_63' title='bbox 974 730 1091 775; x_wconf 86' lang='lat' dir='ltr'>erat,</span> <span class='ocrx_word' id='word_1_64' title='bbox 1131 737 1261 782; x_wconf 86' lang='lat' dir='ltr'>quam</span> <span class='ocrx_word' id='word_1_65' title='bbox 1282 718 1424 781; x_wconf 87' lang='lat' dir='ltr'>figura</span> <span class='ocrx_word' id='word_1_66' title='bbox 1444 720 1614 782; x_wconf 89' lang='lat' dir='ltr'>sangui·</span> 
     </span>
     <span class='ocr_line' id='line_1_9' title="bbox 211 785 1614 853; baseline 0 -18"><span class='ocrx_word' id='word_1_67' title='bbox 211 790 279 835; x_wconf 89' lang='lat' dir='ltr'>nis</span> <span class='ocrx_word' id='word_1_68' title='bbox 299 804 381 853; x_wconf 82' lang='lat' dir='ltr'>per</span> <span class='ocrx_word' id='word_1_69' title='bbox 403 797 593 834; x_wconf 90' lang='lat' dir='ltr'>mortem</span> <span class='ocrx_word' id='word_1_70' title='bbox 616 785 856 842; x_wconf 88' lang='lat' dir='ltr'>fundendi,</span> <span class='ocrx_word' id='word_1_71' title='bbox 905 798 951 832; x_wconf 90' lang='lat' dir='ltr'>et</span> <span class='ocrx_word' id='word_1_72' title='bbox 971 789 1186 847; x_wconf 82' lang='lat' dir='ltr'>cogitatio</span> <span class='ocrx_word' id='word_1_73' title='bbox 1207 790 1478 835; x_wconf 88' lang='lat' dir='ltr'>imminentis</span> <span class='ocrx_word' id='word_1_74' title='bbox 1496 805 1614 836; x_wconf 87' lang='lat' dir='ltr'>mor·</span> 
     </span>
     <span class='ocr_line' id='line_1_10' title="bbox 211 852 1613 917; baseline 0.001 -15"><span class='ocrx_word' id='word_1_75' title='bbox 211 858 290 910; x_wconf 88' lang='lat' dir='ltr'>tis,</span> <span class='ocrx_word' id='word_1_76' title='bbox 341 870 438 901; x_wconf 87' lang='lat' dir='ltr'>non</span> <span class='ocrx_word' id='word_1_77' title='bbox 480 852 722 901; x_wconf 88' lang='lat' dir='ltr'>tollebatur</span> <span class='ocrx_word' id='word_1_78' title='bbox 763 852 977 900; x_wconf 85' lang='lat' dir='ltr'>excusatio</span> <span class='ocrx_word' id='word_1_79' title='bbox 1018 856 1403 917; x_wconf 84' lang='lat' dir='ltr'>praetermittendi</span> <span class='ocrx_word' id='word_1_80' title='bbox 1445 856 1613 903; x_wconf 71' lang='lat' dir='ltr'>calicist</span> 
     </span>
     <span class='ocr_line' id='line_1_11' title="bbox 210 920 1614 989; baseline 0.001 -20"><span class='ocrx_word' id='word_1_81' title='bbox 210 923 381 989; x_wconf 80' lang='lat' dir='ltr'>quippe</span> <span class='ocrx_word' id='word_1_82' title='bbox 398 937 449 968; x_wconf 80' lang='lat' dir='ltr'>ea</span> <span class='ocrx_word' id='word_1_83' title='bbox 472 922 684 982; x_wconf 82' lang='lat' dir='ltr'><strong>cogitatio</strong></span> <span class='ocrx_word' id='word_1_84' title='bbox 701 931 747 967; x_wconf 91' lang='lat' dir='ltr'>et</span> <span class='ocrx_word' id='word_1_85' title='bbox 765 932 868 967; x_wconf 88' lang='lat' dir='ltr'>ante</span> <span class='ocrx_word' id='word_1_86' title='bbox 887 920 1032 967; x_wconf 88' lang='lat' dir='ltr'>oblata</span> <span class='ocrx_word' id='word_1_87' title='bbox 1050 933 1144 968; x_wconf 89' lang='lat' dir='ltr'>erat</span> <span class='ocrx_word' id='word_1_88' title='bbox 1155 922 1429 970; x_wconf 85' lang='lat' dir='ltr'>sermonibus</span> <span class='ocrx_word' id='word_1_89' title='bbox 1441 921 1614 979; x_wconf 80' lang='lat' dir='ltr'>Christ-i,</span> 
     </span>
     <span class='ocr_line' id='line_1_12' title="bbox 211 986 1611 1053; baseline 0 -15"><span class='ocrx_word' id='word_1_90' title='bbox 211 1002 266 1038; x_wconf 88' lang='lat' dir='ltr'>et·</span> <span class='ocrx_word' id='word_1_91' title='bbox 278 999 453 1053; x_wconf 87' lang='lat' dir='ltr'>poterat</span> <span class='ocrx_word' id='word_1_92' title='bbox 476 986 568 1035; x_wconf 88' lang='lat' dir='ltr'>fine</span> <span class='ocrx_word' id='word_1_93' title='bbox 588 1000 704 1051; x_wconf 89' lang='lat' dir='ltr'>potu</span> <span class='ocrx_word' id='word_1_94' title='bbox 724 990 814 1036; x_wconf 86' lang='lat' dir='ltr'>vini</span> <span class='ocrx_word' id='word_1_95' title='bbox 833 987 1050 1053; x_wconf 84' lang='lat' dir='ltr'>vsurpari:</span> <span class='ocrx_word' id='word_1_96' title='bbox 1092 989 1208 1036; x_wconf 89' lang='lat' dir='ltr'>vnde</span> <span class='ocrx_word' id='word_1_97' title='bbox 1227 990 1342 1036; x_wconf 91' lang='lat' dir='ltr'>aliud</span> <span class='ocrx_word' id='word_1_98' title='bbox 1361 990 1611 1038; x_wconf 85' lang='lat' dir='ltr'>firmamen-</span> 
     </span>
     <span class='ocr_line' id='line_1_13' title="bbox 210 1053 1475 1121; baseline 0 -17"><span class='ocrx_word' id='word_1_99' title='bbox 210 1069 310 1109; x_wconf 84' lang='lat' dir='ltr'>tum</span> <span class='ocrx_word' id='word_1_100' title='bbox 333 1053 499 1104; x_wconf 83' lang='lat' dir='ltr'>cauffae</span> <span class='ocrx_word' id='word_1_101' title='bbox 519 1054 690 1103; x_wconf 86' lang='lat' dir='ltr'>nostrae</span> <span class='ocrx_word' id='word_1_102' title='bbox 707 1058 924 1113; x_wconf 83' lang='lat' dir='ltr'>exoritur,</span> <span class='ocrx_word' id='word_1_103' title='bbox 956 1055 1012 1102; x_wconf 90' lang='lat' dir='ltr'>de</span> <span class='ocrx_word' id='word_1_104' title='bbox 1030 1073 1121 1120; x_wconf 92' lang='lat' dir='ltr'>quo</span> <span class='ocrx_word' id='word_1_105' title='bbox 1142 1055 1241 1121; x_wconf 90' lang='lat' dir='ltr'>post</span> <span class='ocrx_word' id='word_1_106' title='bbox 1262 1058 1475 1106; x_wconf 82' lang='lat' dir='ltr'><strong>dicemus,</strong></span> 
     </span>
    </p>

    <p class='ocr_par' dir='ltr' id='par_1_3' title="bbox 208 1123 1612 1324">
     <span class='ocr_line' id='line_1_14' title="bbox 315 1123 1612 1188; baseline 0.002 -19"><span class='ocrx_word' id='word_1_107' title='bbox 315 1133 356 1178; x_wconf 89' lang='lat'>8.</span> <span class='ocrx_word' id='word_1_108' title='bbox 380 1126 470 1180; x_wconf 92' lang='lat' dir='ltr'>Qui</span> <span class='ocrx_word' id='word_1_109' title='bbox 489 1135 656 1184; x_wconf 86' lang='lat' dir='ltr'>negant</span> <span class='ocrx_word' id='word_1_110' title='bbox 678 1125 997 1188; x_wconf 84' lang='lat' dir='ltr'><strong>proprietatem</strong></span> <span class='ocrx_word' id='word_1_111' title='bbox 1014 1123 1256 1171; x_wconf 88' lang='lat' dir='ltr'>verborum</span> <span class='ocrx_word' id='word_1_112' title='bbox 1267 1123 1425 1173; x_wconf 86' lang='lat' dir='ltr'>Christi</span> <span class='ocrx_word' id='word_1_113' title='bbox 1445 1137 1491 1172; x_wconf 88' lang='lat' dir='ltr'>et</span> <span class='ocrx_word' id='word_1_114' title='bbox 1505 1126 1612 1171; x_wconf 82' lang='lat' dir='ltr'>veri·</span> 
     </span>
     <span class='ocr_line' id='line_1_15' title="bbox 211 1192 1611 1255; baseline 0.001 -18"><span class='ocrx_word' id='word_1_115' title='bbox 211 1200 353 1238; x_wconf 85' lang='lat' dir='ltr'>tatem</span> <span class='ocrx_word' id='word_1_116' title='bbox 375 1195 576 1255; x_wconf 87' lang='lat' dir='ltr'>corporis</span> <span class='ocrx_word' id='word_1_117' title='bbox 599 1202 644 1237; x_wconf 89' lang='lat' dir='ltr'>et</span> <span class='ocrx_word' id='word_1_118' title='bbox 663 1192 885 1252; x_wconf 86' lang='lat' dir='ltr'>sanguinis</span> <span class='ocrx_word' id='word_1_119' title='bbox 907 1193 952 1238; x_wconf 92' lang='lat' dir='ltr'>in</span> <span class='ocrx_word' id='word_1_120' title='bbox 975 1194 1124 1238; x_wconf 89' lang='lat' dir='ltr'>Coena</span> <span class='ocrx_word' id='word_1_121' title='bbox 1153 1192 1292 1246; x_wconf 89' lang='lat' dir='ltr'>sacra,</span> <span class='ocrx_word' id='word_1_122' title='bbox 1333 1193 1476 1238; x_wconf 83' lang='lat' dir='ltr'>solent</span> <span class='ocrx_word' id='word_1_123' title='bbox 1507 1193 1611 1247; x_wconf 87' lang='lat' dir='ltr'>hoc,</span> 
     </span>
     <span class='ocr_line' id='line_1_16' title="bbox 208 1257 1609 1324; baseline 0 -19"><span class='ocrx_word' id='word_1_124' title='bbox 208 1269 256 1305; x_wconf 87' lang='lat' dir='ltr'>vt</span> <span class='ocrx_word' id='word_1_125' title='bbox 272 1260 472 1324; x_wconf 84' lang='lat' dir='ltr'>inprimis</span> <span class='ocrx_word' id='word_1_126' title='bbox 493 1257 736 1324; x_wconf 90' lang='lat' dir='ltr'>speciosum</span> <span class='ocrx_word' id='word_1_127' title='bbox 755 1269 1088 1318; x_wconf 76' lang='lat' dir='ltr'>argumentum,</span> <span class='ocrx_word' id='word_1_128' title='bbox 1115 1259 1353 1322; x_wconf 74' lang='lat' dir='ltr'>vsurpare,</span> <span class='ocrx_word' id='word_1_129' title='bbox 1386 1271 1434 1306; x_wconf 86' lang='lat' dir='ltr'>vt</span> <span class='ocrx_word' id='word_1_130' title='bbox 1451 1259 1609 1316; x_wconf 88' lang='lat' dir='ltr'>dicant,</span> 
     </span>
    </p>

    <p class='ocr_par' dir='ltr' id='par_1_4' title="bbox 179 1324 1610 2000">
     <span class='ocr_line' id='line_1_17' title="bbox 179 1324 1610 1390; baseline 0.001 -18"><span class='ocrx_word' id='word_1_131' title='bbox 179 1324 238 1384; x_wconf 29' lang='lat' dir='ltr'>,si</span> <span class='ocrx_word' id='word_1_132' title='bbox 259 1345 328 1374; x_wconf 90' lang='lat' dir='ltr'>res</span> <span class='ocrx_word' id='word_1_133' title='bbox 359 1329 419 1373; x_wconf 87' lang='lat' dir='ltr'>ita</span> <span class='ocrx_word' id='word_1_134' title='bbox 438 1324 511 1382; x_wconf 84' lang='lat' dir='ltr'>fit,</span> <span class='ocrx_word' id='word_1_135' title='bbox 553 1338 602 1373; x_wconf 91' lang='lat' dir='ltr'>vt</span> <span class='ocrx_word' id='word_1_136' title='bbox 627 1343 711 1372; x_wconf 90' lang='lat' dir='ltr'>nos</span> <span class='ocrx_word' id='word_1_137' title='bbox 743 1327 951 1380; x_wconf 84' lang='lat' dir='ltr'>velimus,</span> <span class='ocrx_word' id='word_1_138' title='bbox 990 1343 1014 1372; x_wconf 85' lang='lat' dir='ltr'>a</span> <span class='ocrx_word' id='word_1_139' title='bbox 1046 1325 1262 1390; x_wconf 88' lang='lat' dir='ltr'>discipulis</span> <span class='ocrx_word' id='word_1_140' title='bbox 1288 1324 1444 1374; x_wconf 83' lang='lat' dir='ltr'>Christi</span> <span class='ocrx_word' id='word_1_141' title='bbox 1477 1326 1610 1374; x_wconf 73' lang='lat' dir='ltr'>verba</span> 
     </span>
     <span class='ocr_line' id='line_1_18' title="bbox 207 1390 1608 1457; baseline 0 -17"><span class='ocrx_word' id='word_1_142' title='bbox 207 1393 398 1454; x_wconf 85' lang='lat' dir='ltr'>intelligi</span> <span class='ocrx_word' id='word_1_143' title='bbox 419 1410 516 1440; x_wconf 89' lang='lat' dir='ltr'>non</span> <span class='ocrx_word' id='word_1_144' title='bbox 535 1390 739 1457; x_wconf 80' lang='lat' dir='ltr'>potuisse.</span> <span class='ocrx_word' id='word_1_145' title='bbox 823 1390 954 1439; x_wconf 87' lang='lat' dir='ltr'>Vnde</span> <span class='ocrx_word' id='word_1_146' title='bbox 972 1395 1095 1439; x_wconf 90' lang='lat' dir='ltr'>enim</span> <span class='ocrx_word' id='word_1_147' title='bbox 1116 1390 1394 1451; x_wconf 79' lang='lat' dir='ltr'>intellexisse,</span> <span class='ocrx_word' id='word_1_148' title='bbox 1435 1410 1538 1441; x_wconf 89' lang='lat' dir='ltr'>cum</span> <span class='ocrx_word' id='word_1_149' title='bbox 1557 1395 1608 1441; x_wconf 87' lang='lat' dir='ltr'>in</span> 
     </span>
     <span class='ocr_line' id='line_1_19' title="bbox 206 1458 1608 1511; baseline -0.001 -1"><span class='ocrx_word' id='word_1_150' title='bbox 206 1460 416 1510; x_wconf 85' lang='lat' dir='ltr'>omnibus</span> <span class='ocrx_word' id='word_1_151' title='bbox 434 1459 715 1508; x_wconf 85' lang='lat' dir='ltr'>sermonibus</span> <span class='ocrx_word' id='word_1_152' title='bbox 737 1458 892 1511; x_wconf 87' lang='lat' dir='ltr'>Christi</span> <span class='ocrx_word' id='word_1_153' title='bbox 913 1460 1024 1507; x_wconf 87' lang='lat' dir='ltr'>nihil</span> <span class='ocrx_word' id='word_1_154' title='bbox 1052 1459 1187 1507; x_wconf 75' lang='lat' dir='ltr'>{imile</span> <span class='ocrx_word' id='word_1_155' title='bbox 1204 1464 1437 1510; x_wconf 80' lang='lat' dir='ltr'>occurrat?</span> <span class='ocrx_word' id='word_1_156' title='bbox 1502 1466 1608 1508; x_wconf 83' lang='lat' dir='ltr'>Nec</span> 
     </span>
     <span class='ocr_line' id='line_1_20' title="bbox 206 1526 1604 1588; baseline 0.001 -13"><span class='ocrx_word' id='word_1_157' title='bbox 206 1540 284 1576; x_wconf 82' lang='lat' dir='ltr'>aut</span> <span class='ocrx_word' id='word_1_158' title='bbox 311 1546 336 1575; x_wconf 88' lang='lat' dir='ltr'>a</span> <span class='ocrx_word' id='word_1_159' title='bbox 357 1526 531 1577; x_wconf 90' lang='lat' dir='ltr'>Christo</span> <span class='ocrx_word' id='word_1_160' title='bbox 563 1527 619 1575; x_wconf 89' lang='lat' dir='ltr'>de</span> <span class='ocrx_word' id='word_1_161' title='bbox 649 1547 699 1575; x_wconf 94' lang='lat' dir='ltr'>ea</span> <span class='ocrx_word' id='word_1_162' title='bbox 725 1545 776 1575; x_wconf 88' lang='lat' dir='ltr'>re</span> <span class='ocrx_word' id='word_1_163' title='bbox 807 1530 1029 1585; x_wconf 78' lang='lat' dir='ltr'>monitOS,</span> <span class='ocrx_word' id='word_1_164' title='bbox 1070 1526 1154 1574; x_wconf 81' lang='lat' dir='ltr'>effe</span> <span class='ocrx_word' id='word_1_165' title='bbox 1183 1527 1237 1575; x_wconf 85' lang='lat' dir='ltr'>ad</span> <span class='ocrx_word' id='word_1_166' title='bbox 1261 1528 1604 1588; x_wconf 85' lang='lat' dir='ltr'>intelligendum</span> 
     </span>
     <span class='ocr_line' id='line_1_21' title="bbox 205 1594 1604 1662; baseline -0.002 -19"><span class='ocrx_word' id='word_1_167' title='bbox 205 1607 512 1662; x_wconf 85' lang='lat' dir='ltr'>praeparatos,</span> <span class='ocrx_word' id='word_1_168' title='bbox 534 1606 610 1643; x_wconf 89' lang='lat' dir='ltr'>aut</span> <span class='ocrx_word' id='word_1_169' title='bbox 629 1596 744 1661; x_wconf 88' lang='lat' dir='ltr'>ipsos</span> <span class='ocrx_word' id='word_1_170' title='bbox 765 1595 1003 1641; x_wconf 83' lang='lat' dir='ltr'>admiratos</span> <span class='ocrx_word' id='word_1_171' title='bbox 1022 1594 1106 1641; x_wconf 81' lang='lat' dir='ltr'>esse</span> <span class='ocrx_word' id='word_1_172' title='bbox 1122 1611 1218 1642; x_wconf 88' lang='lat' dir='ltr'>rem</span> <span class='ocrx_word' id='word_1_173' title='bbox 1238 1596 1383 1648; x_wconf 88' lang='lat' dir='ltr'>talem,</span> <span class='ocrx_word' id='word_1_174' title='bbox 1404 1606 1450 1641; x_wconf 89' lang='lat' dir='ltr'>et</span> <span class='ocrx_word' id='word_1_175' title='bbox 1469 1596 1604 1642; x_wconf 90' lang='lat' dir='ltr'>inter-</span> 
     </span>
     <span class='ocr_line' id='line_1_22' title="bbox 202 1661 1600 1727; baseline -0.001 -16"><span class='ocrx_word' id='word_1_176' title='bbox 202 1662 374 1724; x_wconf 79' lang='lat' dir='ltr'>rogasse</span> <span class='ocrx_word' id='word_1_177' title='bbox 403 1665 654 1727; x_wconf 87' lang='lat' dir='ltr'>quicquam.</span> <span class='ocrx_word' id='word_1_178' title='bbox 750 1661 837 1707; x_wconf 88' lang='lat' dir='ltr'>Sed</span> <span class='ocrx_word' id='word_1_179' title='bbox 864 1663 1081 1725; x_wconf 86' lang='lat' dir='ltr'>tropicam</span> <span class='ocrx_word' id='word_1_180' title='bbox 1115 1664 1333 1709; x_wconf 88' lang='lat' dir='ltr'>rationem</span> <span class='ocrx_word' id='word_1_181' title='bbox 1362 1664 1416 1709; x_wconf 90' lang='lat' dir='ltr'>iis</span> <span class='ocrx_word' id='word_1_182' title='bbox 1444 1674 1600 1709; x_wconf 87' lang='lat' dir='ltr'>notam</span> 
     </span>
     <span class='ocr_line' id='line_1_23' title="bbox 203 1728 1600 1794; baseline -0.002 -16"><span class='ocrx_word' id='word_1_183' title='bbox 203 1728 329 1778; x_wconf 75' lang='lat' dir='ltr'>fuisse</span> <span class='ocrx_word' id='word_1_184' title='bbox 349 1749 374 1777; x_wconf 93' lang='lat' dir='ltr'>e</span> <span class='ocrx_word' id='word_1_185' title='bbox 391 1730 609 1786; x_wconf 87' lang='lat' dir='ltr'>sermone,</span> <span class='ocrx_word' id='word_1_186' title='bbox 636 1747 774 1794; x_wconf 87' lang='lat' dir='ltr'>quem</span> <span class='ocrx_word' id='word_1_187' title='bbox 797 1729 924 1792; x_wconf 88' lang='lat' dir='ltr'>saepe</span> <span class='ocrx_word' id='word_1_188' title='bbox 944 1731 1407 1779; x_wconf 77' lang='lat' dir='ltr'>commemorauimus‚</span> <span class='ocrx_word' id='word_1_189' title='bbox 1474 1733 1600 1777; x_wconf 87' lang='lat' dir='ltr'>Fate-</span> 
     </span>
     <span class='ocr_line' id='line_1_24' title="bbox 203 1795 1599 1860; baseline -0.001 -15"><span class='ocrx_word' id='word_1_190' title='bbox 203 1815 330 1855; x_wconf 86' lang='lat' dir='ltr'>mur,</span> <span class='ocrx_word' id='word_1_191' title='bbox 383 1796 603 1845; x_wconf 75' lang='lat' dir='ltr'>Christum</span> <span class='ocrx_word' id='word_1_192' title='bbox 639 1797 764 1844; x_wconf 86' lang='lat' dir='ltr'>vsum</span> <span class='ocrx_word' id='word_1_193' title='bbox 802 1795 884 1843; x_wconf 89' lang='lat' dir='ltr'>esse</span> <span class='ocrx_word' id='word_1_194' title='bbox 920 1795 1083 1860; x_wconf 81' lang='lat' dir='ltr'>phrasi,</span> <span class='ocrx_word' id='word_1_195' title='bbox 1134 1798 1260 1844; x_wconf 86' lang='lat' dir='ltr'>cuius</span> <span class='ocrx_word' id='word_1_196' title='bbox 1289 1813 1418 1843; x_wconf 87' lang='lat' dir='ltr'>verus</span> <span class='ocrx_word' id='word_1_197' title='bbox 1450 1796 1599 1845; x_wconf 84' lang='lat' dir='ltr'>sensus</span> 
     </span>
     <span class='ocr_line' id='line_1_25' title="bbox 204 1862 1597 1930; baseline 0 -17"><span class='ocrx_word' id='word_1_198' title='bbox 204 1865 424 1930; x_wconf 86' lang='lat' dir='ltr'>discipulis</span> <span class='ocrx_word' id='word_1_199' title='bbox 445 1876 582 1913; x_wconf 89' lang='lat' dir='ltr'>notus</span> <span class='ocrx_word' id='word_1_200' title='bbox 601 1862 725 1920; x_wconf 80' lang='lat' dir='ltr'>esset,</span> <span class='ocrx_word' id='word_1_201' title='bbox 758 1866 857 1927; x_wconf 89' lang='lat' dir='ltr'>quia</span> <span class='ocrx_word' id='word_1_202' title='bbox 877 1863 1072 1910; x_wconf 88' lang='lat' dir='ltr'>tradebat</span> <span class='ocrx_word' id='word_1_203' title='bbox 1089 1881 1184 1910; x_wconf 87' lang='lat' dir='ltr'>rem</span> <span class='ocrx_word' id='word_1_204' title='bbox 1202 1881 1379 1922; x_wconf 87' lang='lat' dir='ltr'>nouam,</span> <span class='ocrx_word' id='word_1_205' title='bbox 1403 1881 1487 1910; x_wconf 88' lang='lat' dir='ltr'>nec</span> <span class='ocrx_word' id='word_1_206' title='bbox 1506 1865 1597 1929; x_wconf 83' lang='lat' dir='ltr'>ipse</span> 
     </span>
     <span class='ocr_line' id='line_1_26' title="bbox 203 1930 1598 2000; baseline -0.002 -19"><span class='ocrx_word' id='word_1_207' title='bbox 203 1933 447 2000; x_wconf 89' lang='lat' dir='ltr'>explicabat</span> <span class='ocrx_word' id='word_1_208' title='bbox 465 1933 704 1982; x_wconf 87' lang='lat' dir='ltr'>verborum</span> <span class='ocrx_word' id='word_1_209' title='bbox 726 1930 914 1987; x_wconf 88' lang='lat' dir='ltr'>sensum,</span> <span class='ocrx_word' id='word_1_210' title='bbox 950 1948 1035 1977; x_wconf 89' lang='lat' dir='ltr'>nec</span> <span class='ocrx_word' id='word_1_211' title='bbox 1066 1931 1263 1996; x_wconf 89' lang='lat' dir='ltr'>discipuli</span> <span class='ocrx_word' id='word_1_212' title='bbox 1296 1930 1350 1976; x_wconf 89' lang='lat' dir='ltr'>de</span> <span class='ocrx_word' id='word_1_213' title='bbox 1378 1948 1433 1977; x_wconf 92' lang='lat' dir='ltr'>eo</span> <span class='ocrx_word' id='word_1_214' title='bbox 1463 1934 1598 1978; x_wconf 86' lang='lat' dir='ltr'>inter·</span> 
     </span>
    </p>

    <p class='ocr_par' dir='ltr' id='par_1_5' title="bbox 167 1997 1595 2065">
     <span class='ocr_line' id='line_1_27' title="bbox 167 1997 1595 2065; baseline -0.003 -16"><span class='ocrx_word' id='word_1_215' title='bbox 167 1997 176 2003; x_wconf 75' lang='grc'><em>“</em></span> <span class='ocrx_word' id='word_1_216' title='bbox 202 2002 445 2064; x_wconf 85' lang='lat' dir='ltr'>rogabant,</span> <span class='ocrx_word' id='word_1_217' title='bbox 486 2000 606 2065; x_wconf 88' lang='lat' dir='ltr'>quod</span> <span class='ocrx_word' id='word_1_218' title='bbox 634 1997 834 2048; x_wconf 85' lang='lat' dir='ltr'>solebant</span> <span class='ocrx_word' id='word_1_219' title='bbox 862 1999 1028 2056; x_wconf 87' lang='lat' dir='ltr'>facere,</span> <span class='ocrx_word' id='word_1_220' title='bbox 1066 2015 1171 2045; x_wconf 90' lang='lat' dir='ltr'>cum</span> <span class='ocrx_word' id='word_1_221' title='bbox 1202 2000 1450 2046; x_wconf 82' lang='lat' dir='ltr'>haererent.</span> <span class='ocrx_word' id='word_1_222' title='bbox 1547 1998 1595 2046; x_wconf 88' lang='lat' dir='ltr'>si</span> 
     </span>
    </p>

    <p class='ocr_par' dir='ltr' id='par_1_6' title="bbox 171 2066 1617 2672">
     <span class='ocr_line' id='line_1_28' title="bbox 171 2066 1595 2130; baseline -0.004 -13"><span class='ocrx_word' id='word_1_223' title='bbox 171 2078 350 2117; x_wconf 72' lang='lat' dir='ltr'>&#39;autern</span> <span class='ocrx_word' id='word_1_224' title='bbox 379 2067 576 2116; x_wconf 89' lang='lat' dir='ltr'>constitit</span> <span class='ocrx_word' id='word_1_225' title='bbox 606 2069 656 2115; x_wconf 89' lang='lat' dir='ltr'>iis</span> <span class='ocrx_word' id='word_1_226' title='bbox 686 2066 740 2113; x_wconf 90' lang='lat' dir='ltr'>de</span> <span class='ocrx_word' id='word_1_227' title='bbox 767 2066 888 2114; x_wconf 89' lang='lat' dir='ltr'>sensu</span> <span class='ocrx_word' id='word_1_228' title='bbox 916 2066 1177 2123; x_wconf 87' lang='lat' dir='ltr'>verborum,</span> <span class='ocrx_word' id='word_1_229' title='bbox 1222 2076 1272 2112; x_wconf 91' lang='lat' dir='ltr'>vt</span> <span class='ocrx_word' id='word_1_230' title='bbox 1310 2068 1509 2130; x_wconf 90' lang='lat' dir='ltr'>primum</span> <span class='ocrx_word' id='word_1_231' title='bbox 1543 2082 1595 2122; x_wconf 80' lang='lat' dir='ltr'>ea</span> 
     </span>
     <span class='ocr_line' id='line_1_29' title="bbox 201 2133 1594 2198; baseline -0.003 -13"><span class='ocrx_word' id='word_1_232' title='bbox 201 2134 483 2192; x_wconf 83' lang='lat' dir='ltr'>audiuerant,</span> <span class='ocrx_word' id='word_1_233' title='bbox 535 2153 639 2183; x_wconf 88' lang='lat' dir='ltr'>eum</span> <span class='ocrx_word' id='word_1_234' title='bbox 668 2145 914 2182; x_wconf 88' lang='lat' dir='ltr'>tenuerunt</span> <span class='ocrx_word' id='word_1_235' title='bbox 941 2135 1011 2181; x_wconf 85' lang='lat' dir='ltr'>vel</span> <span class='ocrx_word' id='word_1_236' title='bbox 1040 2151 1065 2179; x_wconf 92' lang='lat' dir='ltr'>e</span> <span class='ocrx_word' id='word_1_237' title='bbox 1095 2134 1304 2198; x_wconf 88' lang='lat' dir='ltr'>superiori</span> <span class='ocrx_word' id='word_1_238' title='bbox 1335 2133 1483 2197; x_wconf 85' lang='lat' dir='ltr'>aliquo</span> <span class='ocrx_word' id='word_1_239' title='bbox 1511 2133 1594 2181; x_wconf 85' lang='lat' dir='ltr'>ser·</span> 
     </span>
     <span class='ocr_line' id='line_1_30' title="bbox 199 2200 1617 2265; baseline -0.002 -13"><span class='ocrx_word' id='word_1_240' title='bbox 199 2206 337 2253; x_wconf 81' lang='lat' dir='ltr'>mo&#39;ne</span> <span class='ocrx_word' id='word_1_241' title='bbox 363 2201 540 2261; x_wconf 87' lang='lat' dir='ltr'>Christi,</span> <span class='ocrx_word' id='word_1_242' title='bbox 579 2205 649 2250; x_wconf 89' lang='lat' dir='ltr'>vel</span> <span class='ocrx_word' id='word_1_243' title='bbox 678 2220 704 2248; x_wconf 90' lang='lat' dir='ltr'>e</span> <span class='ocrx_word' id='word_1_244' title='bbox 733 2200 850 2248; x_wconf 89' lang='lat' dir='ltr'>libris</span> <span class='ocrx_word' id='word_1_245' title='bbox 870 2200 1146 2248; x_wconf 85' lang='lat' dir='ltr'>Testamenti</span> <span class='ocrx_word' id='word_1_246' title='bbox 1171 2202 1352 2257; x_wconf 79' lang='lat' dir='ltr'>veteriS,</span> <span class='ocrx_word' id='word_1_247' title='bbox 1395 2217 1617 2265; x_wconf 10' lang='lat' dir='ltr'>quorum?</span> 
     </span>
     <span class='ocr_line' id='line_1_31' title="bbox 197 2266 1591 2334; baseline -0.004 -13"><span class='ocrx_word' id='word_1_248' title='bbox 197 2273 342 2321; x_wconf 88' lang='lat' dir='ltr'>sermo</span> <span class='ocrx_word' id='word_1_249' title='bbox 370 2274 420 2320; x_wconf 88' lang='lat' dir='ltr'>iis</span> <span class='ocrx_word' id='word_1_250' title='bbox 448 2282 542 2319; x_wconf 88' lang='lat' dir='ltr'>erat</span> <span class='ocrx_word' id='word_1_251' title='bbox 559 2272 634 2319; x_wconf 93' lang='lat' dir='ltr'>vsu</span> <span class='ocrx_word' id='word_1_252' title='bbox 664 2266 885 2334; x_wconf 85' lang='lat' dir='ltr'>frequenti</span> <span class='ocrx_word' id='word_1_253' title='bbox 913 2279 960 2316; x_wconf 91' lang='lat' dir='ltr'>et</span> <span class='ocrx_word' id='word_1_254' title='bbox 981 2281 1105 2316; x_wconf 89' lang='lat' dir='ltr'>certo</span> <span class='ocrx_word' id='word_1_255' title='bbox 1133 2272 1352 2330; x_wconf 85' lang='lat' dir='ltr'>cognitus.</span> <span class='ocrx_word' id='word_1_256' title='bbox 1448 2269 1591 2331; x_wconf 86' lang='lat' dir='ltr'>Atqui</span> 
     </span>
     <span class='ocr_line' id='line_1_32' title="bbox 194 2333 1590 2399; baseline -0.004 -11"><span class='ocrx_word' id='word_1_257' title='bbox 194 2341 273 2388; x_wconf 90' lang='lat' dir='ltr'>illo</span> <span class='ocrx_word' id='word_1_258' title='bbox 293 2340 430 2387; x_wconf 87' lang='lat' dir='ltr'>modo</span> <span class='ocrx_word' id='word_1_259' title='bbox 451 2357 543 2386; x_wconf 90' lang='lat' dir='ltr'>non</span> <span class='ocrx_word' id='word_1_260' title='bbox 565 2347 883 2399; x_wconf 87' lang='lat' dir='ltr'>cognouerant.</span> <span class='ocrx_word' id='word_1_261' title='bbox 963 2340 1082 2383; x_wconf 88' lang='lat' dir='ltr'>Nam</span> <span class='ocrx_word' id='word_1_262' title='bbox 1105 2335 1244 2383; x_wconf 87' lang='lat' dir='ltr'>sermo</span> <span class='ocrx_word' id='word_1_263' title='bbox 1276 2335 1352 2381; x_wconf 88' lang='lat' dir='ltr'>ille</span> <span class='ocrx_word' id='word_1_264' title='bbox 1379 2333 1498 2398; x_wconf 86' lang='lat' dir='ltr'>apud</span> <span class='ocrx_word' id='word_1_265' title='bbox 1521 2338 1590 2382; x_wconf 89' lang='lat' dir='ltr'>lo·</span> 
     </span>
     <span class='ocr_line' id='line_1_33' title="bbox 193 2402 1588 2468; baseline -0.004 -13"><span class='ocrx_word' id='word_1_266' title='bbox 193 2409 388 2455; x_wconf 89' lang='lat' dir='ltr'>hannem</span> <span class='ocrx_word' id='word_1_267' title='bbox 412 2424 506 2455; x_wconf 87' lang='lat' dir='ltr'>non</span> <span class='ocrx_word' id='word_1_268' title='bbox 538 2407 628 2453; x_wconf 91' lang='lat' dir='ltr'>huc</span> <span class='ocrx_word' id='word_1_269' title='bbox 649 2417 693 2452; x_wconf 87' lang='lat' dir='ltr'>et</span> <span class='ocrx_word' id='word_1_270' title='bbox 711 2404 765 2452; x_wconf 87' lang='lat' dir='ltr'>ad</span> <span class='ocrx_word' id='word_1_271' title='bbox 788 2406 903 2451; x_wconf 91' lang='lat' dir='ltr'>hanc</span> <span class='ocrx_word' id='word_1_272' title='bbox 929 2402 1115 2450; x_wconf 79' lang='lat' dir='ltr'>caussam</span> <span class='ocrx_word' id='word_1_273' title='bbox 1143 2406 1360 2468; x_wconf 88' lang='lat' dir='ltr'>pertinet,</span> <span class='ocrx_word' id='word_1_274' title='bbox 1401 2412 1588 2465; x_wconf 81' lang='lat' dir='ltr'>propter</span> 
     </span>
     <span class='ocr_line' id='line_1_34' title="bbox 191 2467 1588 2539; baseline -0.004 -18"><span class='ocrx_word' id='word_1_275' title='bbox 191 2493 262 2522; x_wconf 86' lang='lat' dir='ltr'>eas</span> <span class='ocrx_word' id='word_1_276' title='bbox 280 2474 459 2531; x_wconf 77' lang='lat' dir='ltr'>caussas,</span> <span class='ocrx_word' id='word_1_277' title='bbox 503 2491 608 2539; x_wconf 85' lang='lat' dir='ltr'>quas</span> <span class='ocrx_word' id='word_1_278' title='bbox 626 2485 726 2520; x_wconf 83' lang='lat' dir='ltr'>ante</span> <span class='ocrx_word' id='word_1_279' title='bbox 748 2473 1220 2526; x_wconf 89' lang='lat' dir='ltr'>commemorauimus‚</span> <span class='ocrx_word' id='word_1_280' title='bbox 1264 2476 1310 2516; x_wconf 89' lang='lat' dir='ltr'>et</span> <span class='ocrx_word' id='word_1_281' title='bbox 1332 2467 1588 2516; x_wconf 73' lang='lat' dir='ltr'>dissimilitu-</span> 
     </span>
     <span class='ocr_line' id='line_1_35' title="bbox 191 2535 1586 2607; baseline -0.004 -19"><span class='ocrx_word' id='word_1_282' title='bbox 191 2542 342 2589; x_wconf 89' lang='lat' dir='ltr'>dinem</span> <span class='ocrx_word' id='word_1_283' title='bbox 362 2559 536 2589; x_wconf 88' lang='lat' dir='ltr'>rerum:</span> <span class='ocrx_word' id='word_1_284' title='bbox 575 2544 742 2607; x_wconf 88' lang='lat' dir='ltr'>quippe</span> <span class='ocrx_word' id='word_1_285' title='bbox 769 2539 826 2586; x_wconf 89' lang='lat' dir='ltr'>ibi</span> <span class='ocrx_word' id='word_1_286' title='bbox 850 2557 943 2586; x_wconf 92' lang='lat' dir='ltr'>non</span> <span class='ocrx_word' id='word_1_287' title='bbox 962 2537 1153 2585; x_wconf 89' lang='lat' dir='ltr'>edebant</span> <span class='ocrx_word' id='word_1_288' title='bbox 1169 2547 1244 2584; x_wconf 87' lang='lat' dir='ltr'>aut</span> <span class='ocrx_word' id='word_1_289' title='bbox 1261 2535 1493 2590; x_wconf 86' lang='lat' dir='ltr'>bibebant,</span> <span class='ocrx_word' id='word_1_290' title='bbox 1537 2537 1586 2583; x_wconf 86' lang='lat' dir='ltr'>in</span> 
     </span>
     <span class='ocr_line' id='line_1_36' title="bbox 188 2602 1585 2672; baseline -0.004 -16"><span class='ocrx_word' id='word_1_291' title='bbox 188 2627 279 2672; x_wconf 87' lang='lat' dir='ltr'>quo</span> <span class='ocrx_word' id='word_1_292' title='bbox 301 2608 695 2656; x_wconf 82' lang='lat' dir='ltr'>Christus&#39;carnem</span> <span class='ocrx_word' id='word_1_293' title='bbox 720 2607 794 2654; x_wconf 86' lang='lat' dir='ltr'>filii</span> <span class='ocrx_word' id='word_1_294' title='bbox 816 2608 1010 2654; x_wconf 85' lang='lat' dir='ltr'>hominis</span> <span class='ocrx_word' id='word_1_295' title='bbox 1034 2606 1104 2652; x_wconf 86' lang='lat' dir='ltr'>edi</span> <span class='ocrx_word' id='word_1_296' title='bbox 1127 2617 1204 2652; x_wconf 90' lang='lat' dir='ltr'>aut</span> <span class='ocrx_word' id='word_1_297' title='bbox 1221 2604 1472 2663; x_wconf 84' lang='lat' dir='ltr'>sanguinem</span> <span class='ocrx_word' id='word_1_298' title='bbox 1493 2602 1585 2651; x_wconf 88' lang='lat' dir='ltr'>bibi</span> 
     </span>
    </p>
   </div>
   <div class='ocr_carea' id='block_1_3' title="bbox 189 2666 1583 2786">
    <p class='ocr_par' dir='ltr' id='par_1_7' title="bbox 189 2666 1583 2786">
     <span class='ocr_line' id='line_1_37' title="bbox 189 2666 1583 2784; baseline -0.007 -59"><span class='ocrx_word' id='word_1_299' title='bbox 189 2676 365 2726; x_wconf 84' lang='lat' dir='ltr'>diceret.</span> <span class='ocrx_word' id='word_1_300' title='bbox 449 2679 569 2737; x_wconf 87' lang='lat' dir='ltr'>Ergo</span> <span class='ocrx_word' id='word_1_301' title='bbox 593 2676 883 2742; x_wconf 85' lang='lat' dir='ltr'>relinquitur,</span> <span class='ocrx_word' id='word_1_302' title='bbox 925 2686 974 2724; x_wconf 89' lang='lat' dir='ltr'>vt</span> <span class='ocrx_word' id='word_1_303' title='bbox 1002 2691 1027 2720; x_wconf 90' lang='lat' dir='ltr'>e</span> <span class='ocrx_word' id='word_1_304' title='bbox 1047 2671 1320 2720; x_wconf 85' lang='lat' dir='ltr'>Testamenti</span> <span class='ocrx_word' id='word_1_305' title='bbox 1341 2666 1583 2784; x_wconf 40' lang='lat' dir='ltr'>vffiessset</span> 
     </span>
     <span class='ocr_line' id='line_1_38' title="bbox 1437 2753 1579 2786; baseline -0.014 0"><span class='ocrx_word' id='word_1_306' title='bbox 1437 2754 1464 2786; x_wconf 92' lang='lat' dir='ltr'>o</span> <span class='ocrx_word' id='word_1_307' title='bbox 1484 2753 1579 2785; x_wconf 69' lang='lat' dir='ltr'>anco</span> 
     </span>
    </p>
   </div>
  </div>
 </body>
</html>
