1682 3068
230 133 328 184 462
366 137 651 173 natum-rm
690 141 929 173 cun-xcx
949 144 1024 176 ne.
1040 145 1562 181 anticameram-roim

229 256 438 313 tempore
470 249 568 304 fuit,
600 257 649 295 vt
678 250 770 298 hnc
791 252 981 316 pignore
1010 253 1319 317 praenosceret
1337 254 1535 307 futuram
1556 259 1630 304 Se-

230 316 458 366 nacheribi
478 312 671 378 clad'em3
703 331 748 366 et
767 317 968 383 prodigia
986 321 1048 367 ibi
1078 319 1344 370 denunciata
1363 325 1556 388 primum
1576 323 1632 372 ad

230 385 450 430 Ezechiae
472 394 663 448 tempus,
698 385 938 434 iterum-ad-
952 397 1130 451 tempus
1156 390 1274 450 Gog,
1296 389 1448 442 sedad
1463 401 1631 441 vtrum-

229 469 320 515 que
341 469 399 498 ex
427 463 573 515 parte,
605 452 800 516 perfeste
827 453 881 501 ad
910 454 1068 502 Christi
1102 455 1343 505 aduentum
1378 451 1649 523 vti-umque.'

228 525 345 567 Item
376 520 523 586 Amosi
537 537 574 566 c.
592 522 664 575 IX,
688 539 759 570 11.
789 523 848 568 ait
866 532 1079 569 euentum
1111 521 1300 570 habuisse
1328 526 1371 573 in
1394 525 1542 573 reditu
1561 530 1629 573 Iu-
1649 531 1662 535 “

230 587 440 635 daeorum
463 602 488 634 e
506 587 714 636 seruitute
733 589 975 645 chaldaica,
1011 592 1170 637 iterum
1195 601 1239 638 et
1260 592 1435 655 plenius
1462 595 1508 641 in
1530 606 1629 640 cru-

228 655 436 703 cifixione
455 650 636 702 Christi:
675 674 714 704 v.
741 673 814 718 13.
847 667 996 704 autem
1027 658 1265 705 secundum
1295 659 1474 708 obuiam
1504 658 1630 723 ligni-

225 722 484 770 ficationem
520 723 758 771 verborum
788 723 1062 771 Sorobabelis
1103 738 1282 789 tempus
1312 728 1530 792 respicere
1559 757 1575 764 ·
1610 755 1630 764 -

225 791 471 839 secundum
498 790 792 840 sublimiorem
820 792 1164 853 intelligentiam
1197 794 1389 858 spiritus,
1422 793 1630 845 coelestia

227 859 344 906 dona
372 858 469 924 post
487 856 851 906 resur-restionem
874 858 1042 907 Christi.
1109 866 1236 916 Quae
1265 860 1458 927 denique
1471 863 1524 910 de
1545 865 1628 911 Ze·
1654 915 1660 924 ,

223 929 342 975 ‘mach
370 926 496 974 Zacb.
520 925 605 982 VJ,
631 944 704 975 12.
735 927 952 983 dicuntur,
980 925 1034 974 ad
1053 927 1370 977 Sorobabelem
1399 934 1628 994 pertinere

225 993 404 1049 iudicat,
435 1011 516 1059 per
538 991 764 1057 mysticam
787 997 1001 1041 rationem
1021 993 1077 1041 de
1098 993 1273 1043 Christo
1291 994 1511 1060 praedista
1529 997 1627 1044 effe.

190 1092 194 1096 .
225 1063 314 1111 Sed
344 1063 454 1109 haec
487 1061 723 1126 specimina
752 1061 1076 1125 Ephremianae
1104 1064 1483 1127 interpretationis
1513 1063 1631 1114 suffi-

227 1132 366 1186 ciunt,
399 1140 448 1176 vt
466 1132 639 1192 opinor,
671 1126 723 1174 ad
745 1126 1039 1176 iudicandum.
1175 1126 1181 1131 ”
1439 1158 1441 1161 -

322 1196 488 1244 Eadem
509 1200 573 1244 via
593 1194 767 1254 incedit,
785 1195 864 1243 etfi
883 1198 929 1243 in
948 1194 1131 1258 fingulis
1150 1195 1364 1262 exemplis
1383 1197 1436 1246 ab
1458 1198 1626 1262 Ephre-

223 1284 291 1315 mo
322 1264 594 1329 discrepans,
631 1265 818 1329 Btfilius,
853 1281 1039 1325 magnus
1068 1265 1184 1312 illius
1214 1265 1464 1314 admirator.
1532 1268 1646 1317 Pla-'

223 1350 332 1380 num
354 1332 460 1380 facit
480 1334 549 1379 vel
572 1349 654 1379 vna
675 1331 864 1379 clausula
884 1328 1162 1397 praefationis
1179 1335 1228 1380 in
1241 1337 1627 1384 Commentariun!

222 1404 270 1449 in
291 1402 479 1458 Esaiam,
514 1402 642 1447 cuius
675 1417 773 1463 pars
797 1398 929 1447 nobis
948 1401 1119 1465 reliqua
1138 1399 1212 1448 est.
1279 1404 1624 1450 Nam-,enarrate

224 1470 367 1516 totius
397 1470 546 1533 operis
576 1468 834 1533 prophetici
863 1480 1129 1530 argumento
1158 1465 1381 1524 historioo,
1403 1467 1539 1517 rebus
1561 1470 1627 1519 ibi

224 1535 394 1584 traditis
412 1536 587 1600 vbiqu'e‚
623 1538 693 1592 ait,
723 1534 915 1600 adspersa
944 1533 1040 1591 effe,
1076 1552 1192 1600 quae
1213 1535 1267 1585 acl
1287 1534 1509 1585 Christum
1528 1554 1625 1601 per·

224 1607 419 1651 tineant:
449 1603 513 1653 w?
530 1602 627 1669 πεξὶ
647 1604 777 1670 Χξιςὲ
807 1603 938 1670 ποία-ῃ
967 1603 1019 1671 τῇ
1037 1600 1286 1670 προφητείᾳ
1312 1605 1624 1671 ένεσπαςμένοι,

223 1669 369 1725 imin·
388 1674 473 1721 τῶν
488 1671 600 1719 καθ’
621 1671 1061 1738 ῖστοςιόινλεγομένων
1081 1669 1152 1731 ηαξ
1174 1670 1236 1732 τῷ
1251 1673 1427 1736 pave-mc?
1446 1690 1624 1734 συγκοι-

223 1737 589 1802 τοεπεπλεγμένε·
623 1738 701 1798 (fic
721 1741 842 1785 enim
861 1756 949 1803 pro:
965 1739 1505 1802 συγκαταπεπλεγμένων
1526 1740 1622 1787 scri-

222 1806 434 1860 bendum,
463 1825 488 1853 e
517 1804 706 1866 vestigiis
724 1806 832 1853 Cod.
853 1808 976 1854 Paris.
1009 1805 1084 1852 nisi
1111 1808 1209 1870 quis
1240 1809 1374 1854 etiam
1393 1805 1466 1867 naq*
1488 1806 1622 1854 deleri

222 1875 383 1936 malit.)
416 1877 464 1921 In
482 1891 572 1938 quo
597 1878 810 1921 mixturae
842 1874 958 1920 illius
979 1875 1300 1939 Ephremianae
1318 1869 1462 1922 forma
1480 1877 1621 1922 mani-

222 1939 332 1989 feste
360 1943 642 2007 exprimiturx
702 1959 832 2005 quam
868 1954 915 1988 et
952 1944 995 1987 in
1028 1939 1369 2005 interpretando
1405 1942 1621 2004 sequitur3

221 2008 462 2074 nisi'quod,
495 2011 561 2057 vti
588 2009 788 2066 diximuS,
821 2010 866 2054 in
894 2007 1075 2070 fingulis
1102 2009 1226 2066 lociS‚
1262 2020 1308 2055 vt
1325 2008 1402 2071 Es
1423 2009 1522 2064 VII,
1546 2025 1619 2070 14.

224 2088 272 2124 et
293 2093 328 2124 c.
351 2082 424 2125 IX.
454 2077 507 2125 ab
537 2094 593 2125 eo
623 2075 839 2132 dissentit,
871 2093 967 2124 non
994 2076 1048 2123 ad
1073 2074 1382 2141 mysticamea,
1401 2075 1487 2125 ised
1517 2086 1620 2142 p'ro-

221 2148 366 2212 priam
388 2148 609 2194 rationem
630 2144 842 2191 referens.
1300 2180 1301 2183 ,

324 2214 492 2260 Clarior
522 2211 841 2277 interpretandi
871 2222 964 2259 arte
989 2215 1053 2259 Io.
1076 2208 1394 2276 Chrysqstomus
1420 2206 1501 2264 est,
1545 2209 1618 2256 secl

221 2282 291 2328 via
320 2291 368 2327 et
394 2283 566 2328 ratione
592 2283 637 2326 in
657 2281 745 2327 hoc
764 2295 926 2340 genere
945 2297 1039 2327 non
1068 2279 1221 2345 dispar,
1250 2278 1368 2326 idem
1393 2275 1447 2323 de
1467 2274 1617 2324 indole

220 2348 596 2412 propheticorum
620 2347 881 2412 scriptorum
902 2348 1105 2405 sentiens,
1124 2347 1375 2410 eodemque
1394 2343 1531 2393 modo
1553 2346 1618 2390 in-

220 2418 468 2480 terpretans
498 2415 1106 2480 orationem‘prophetarum,
1130 2425 1179 2462 vt
1201 2422 1456 2461 contextum
1471 2412 1616 2476 i'psum

218 2478 485 2548 plerumque
506 2484 635 2531 faciat
655 2481 927 2537 historicum,
961 2485 1092 2546 eique
1111 2479 1471 2529 subinde'inserta
1489 2478 1616 2534 dicat,

220 2566 334 2612 quae
362 2553 547 2615 proprie
575 2551 631 2597 de
657 2569 705 2597 re
726 2549 888 2597 Christi
915 2551 1232 2612 intelligantur,
1263 2557 1462 2595 ceterum
1481 2549 1616 2595 etiam

219 2616 270 2664 in
293 2618 360 2675 iis,
382 2635 494 2682 quae
515 2617 716 2667 historiae
740 2618 962 2666 humanae
972 2616 1080 2675 fint,
1095 2616 1237 2666 abdita
1257 2612 1478 2672 existimet,
1503 2629 1616 2730 quag

281 2700 283 2702 ·
1562 2701 1583 2730 a
