1682 3068
171 212 205 258 6
737 218 997 261 'Ana-1

177 347 294 382 ‘rim
326 350 401 382 me
430 333 719 398 probaturum
751 335 1052 393 confidebam,
1094 333 1124 381 si
1146 352 1239 383 non
1262 337 1340 383 alia
1362 335 1415 382 de
1436 334 1574 393 eausa,

174 404 297 449 certe
316 403 419 458 hac,
443 399 566 465 quod
587 403 695 448 mihi
715 403 945 451 videbatur
965 404 1049 455 esIe
1069 403 1309 450 verendum
1326 442 1334 459 ,
1356 421 1412 449 ne
1431 404 1575 474 ipsum

174 471 254 517 viri
276 467 502 516 dostrinae
524 473 680 517 veteris
702 469 829 517 laude
850 470 1137 518 florentissimi
1155 506 1165 524 ,
1195 481 1241 517 et
1262 471 1576 519 moderationis

177 535 460 586 simulatione
487 535 794 598 probatissimi,
848 557 1015 587 nomen
1051 539 1168 603 apud
1207 555 1365 603 parum
1403 535 1578 603 peritos
1652 535 1654 538 ⁵

177 607 350 652 veritati
372 600 593 660 officeret,
628 602 870 669 essentque,
904 609 979 668 qui
999 604 1177 654 defuisse
1196 609 1356 666 magis,
1390 609 1462 670 qui
1489 606 1581 670 pos-

145 722 151 727 ,
180 672 260 730 set,
285 689 436 737 quam,
468 673 542 734 qui
563 673 699 719 vellet
720 690 769 719 ac
787 673 1070 722 necessarium
1093 685 1288 739 putaret,
1319 669 1582 721 Muratorla·

181 742 250 788 nis
269 737 544 805 respondere.
1588 748 1593 800 j

282 811 431 871 Atque
450 811 605 861 etiam,
647 806 859 873 quicquid
879 807 1104 856 molestiae
1127 807 1325 856 habitura
1353 820 1445 856 erat
1473 809 1585 856 haec

185 874 421 939 disputatio
448 873 563 936 apud
587 877 787 923 animum
810 893 958 923 meum
973 913 983 932 ‚
1024 880 1098 940 qui
1120 877 1271 924 mallet
1288 894 1388 922 vera
1408 877 1585 932 docere,

186 960 320 1007 quam
337 942 433 989 falsa
452 941 664 999 refellere,
685 953 730 989 et
750 943 921 991 laudare
943 942 1074 1000 resta,
1095 962 1226 1008 quam
1240 960 1373 1008 praua
1387 943 1585 1004 arguere,

185 1009 229 1058 id
251 1027 385 1057 omne
404 1007 595 1056 abstersit
617 1014 834 1071 cogitatio
859 1031 969 1068 τνι,
1014 1014 1136 1059 cuius
1163 1015 1311 1072 imago
1342 1009 1588 1058 identidem

187 1077 412 1126 scribentis
434 1076 664 1124 occursans
686 1089 731 1125 et
755 1079 989 1126 obuersans
1008 1082 1178 1142 animo,
1212 1089 1256 1125 et
1273 1076 1469 1126 ere-stum
1489 1080 1592 1126 reti·

189 1148 290 1193 nuit
318 1143 528 1200 studium,
575 1159 620 1193 et
650 1145 1031 1193 animaduerteudi
1060 1145 1332 1207 diligentiam
1363 1144 1498 1204 acuit]
1522 1143 1594 1193 ”et

188 1214 369 1261 laetiora
391 1214 498 1259 mihi
518 1215 667 1260 omnia
688 1226 733 1260 et
751 1215 957 1268 hilariora
976 1211 1147 1261 effecit:
1180 1214 1458 1278 praesertim,
1487 1225 1591 1261 'cum

190 1282 304 1329 haec
331 1280 566 1327 scriberem
596 1284 765 1328 receuti
795 1280 937 1328 adhuc
966 1279 1282 1343 gratulat-idne,
1327 1299 1441 1346 quae
1471 1296 1590 1329 ‘wrm

191 1346 308 1396 fasta
339 1358 431 1395 erat
477 1365 639 1411 nuper,
709 1366 811 1395 cum
831 1364 834 1369 ’
854 1368 925 1396 τν
968 1366 1132 1396 annum
1179 1347 1592 1414 quinquagesimum

194 1413 425 1480 expleffes,
494 1432 546 1461 ex
575 1433 666 1480 quo
699 1419 895 1479 primum
937 1416 1167 1464 sacerdotii
1212 1415 1376 1464 munus
1410 1417 1591 1464 obieras.

193 1483 418 1531 Nondum
440 1485 558 1529 enim
580 1482 798 1530 extinstus
823 1494 918 1530 erat
935 1484 1080 1530 sensus
1100 1485 1292 1532 laetitiae
1314 1485 1442 1538 illius,
1462 1499 1593 1544 quam

195 1562 291 1598 tum
305 1586 314 1604 ,
365 1567 471 1596 cum
509 1569 617 1596 TvA
660 1553 866 1614 priuatim
881 1587 891 1605 ,
942 1562 1041 1596 tum
1073 1550 1250 1613 publice
1277 1551 1340 1595 rei
1368 1546 1594 1614 Lipsiensis

198 1614 466 1665 Christianae
501 1614 662 1669 caussa,
704 1634 807 1663 eum
837 1617 967 1663 bonis
998 1617 1207 1665 munibus
1230 1633 1447 1680 ceperam.
1526 1622 1597 1664 Ac

203 1703 314 1733 TvA
333 1683 512 1748 quidem
534 1681 670 1729 caussa
688 1684 872 1730 laetatus
893 1701 1033 1739 eram,
1076 1684 1198 1748 quod
1219 1681 1443 1731 dofiirinae
1466 1689 1596 1750 copia

201 1762 247 1800 et
267 1751 546 1816 praestantia,
579 1752 754 1796 virtutis
773 1753 1048 1811 integritate,
1091 1753 1349 1798 meritorum
1373 1756 1597 1812 magnitu-

202 1819 326 1875 dine,
372 1818 481 1864 adde
505 1817 814 1864 beneuolentia
842 1820 886 1863 in
907 1835 997 1872 me,
1040 1818 1288 1882 perfeceras
1317 1818 1508 1877 dudum,
1549 1831 1598 1866 vt

202 1906 268 1934 TE
292 1896 336 1932 et
357 1886 563 1932 omnibus
586 1885 714 1931 rebus
736 1884 937 1932 felicibus
959 1885 1256 1945 dignissimum
1281 1899 1505 1951 putarem,
1551 1897 1598 1934 et
1656 1935 1660 1940 ,

204 1955 339 2003 omni.
363 1964 486 2019 parte
517 1951 803 1999 felicissimum
845 1970 1079 2017 cuperem:
1130 1958 1195 2000 rei
1237 1955 1500 2002 Christianae
1529 1955 1599 2000 Li-

199 2015 378 2088 psiensis
397 2031 545 2068 autem
566 2017 729 2075 causs‘a,
765 2020 886 2084 quod
907 2021 1227 2082 intelligebam,
1260 2032 1444 2086 quantas
1464 2022 1501 2067 ei
1525 2031 1599 2069 tot
1661 2066 1663 2073 Α

203 2106 285 2154 per
304 2105 464 2141 annos,
484 2098 546 2133 'vt
569 2089 646 2133 alia
664 2097 854 2141 taceam,
887 2089 954 2133 vel
977 2088 1269 2136 concionandi
1289 2090 1599 2154 perspicuitate
1631 2115 1640 2124 ι

206 2167 253 2203 et
274 2158 503 2217 grauitate,
542 2155 609 2200 vel
627 2155 813 2218 exempli
835 2154 1176 2218 disciplinaeque
1196 2154 1460 2204 domesticae
1484 2157 1600 2204 seue·

205 2225 334 2271 ritate
355 2233 401 2268 et
417 2218 655 2275 sanfi'ztate,
676 2222 882 2268 vtilitates
902 2223 1123 2270 attulisses,
1190 2225 1266 2270 Illa
1279 2240 1455 2289 quoque
1479 2226 1599 2280 cogi·
1659 2228 1661 2235 ’

205 2293 314 2338 tatio
333 2288 518 2336 mirifica
539 2288 766 2351 voluptate
787 2291 976 2353 repleuit
1001 2293 1220 2346 animum,
1260 2307 1360 2338 cum
1378 2290 1600 2337 vniuersae

205 2357 482 2422 reipublicae
494 2353 717 2419 Lipsiensis
739 2359 785 2402 in
797 2374 852 2403 eo
866 2373 1029 2417 genere
1041 2358 1222 2406 felicitas
1235 2369 1501 2412 occurreret,
1527 2360 1601 2404 cui
1660 2360 1661 2363 ’

134 2435 137 2438 “
204 2425 288 2473 hae
309 2421 452 2470 nostra
472 2434 613 2470 aetate
635 2425 841 2485 contigit,
860 2434 910 2471 vt
930 2435 1018 2472 tam
1040 2425 1271 2474 diuturnos
1292 2443 1343 2471 ex
1359 2424 1515 2475 iiedem
1528 2427 1602 2472 Vi·
1656 2419 1661 2450 ⁵

178 2510 180 2512 ’
205 2493 266 2540 ris
290 2488 455 2538 frustus
478 2488 619 2555 posset
641 2493 884 2554 percipere.
979 2498 1136 2540 Annus
1159 2486 1452 2555 amp'lius'e'st,
1497 2509 1601 2540 cum

207 2575 363 2607 ornare
380 2574 476 2604 rem
498 2558 720 2621 publicam
741 2559 960 2606 literarum
998 2562 1042 2606 in
1075 2561 1160 2607 hac
1177 2560 1285 2607 vrbe
1309 2557 1432 2607 desiit
1451 2579 1602 2607 cmu-

178 2679 181 2686 w
208 2644 363 2674 snam
376 2643 436 2670 vs
459 2643 778 2672 muomucvs
807 2645 1139 2675 BOERNERVS.
1241 2629 1292 2672 Ei
1312 2627 1366 2674 ad
1389 2629 1603 2691 quinqua-.-

205 2694 328 2758 ginta
347 2693 546 2742 muneris
567 2690 836 2754 Profefforii‚
858 2709 958 2742 cum
978 2709 1140 2756 magna
1158 2693 1285 2743 laude
1305 2692 1608 2759 administrati,

1454 2779 1596 2814 annos
1655 2823 1657 2827 v
