1650 3060
78 175 178 230 598
370 183 434 214 m:
470 183 584 215 voe.
619 183 911 216 xArAAYMA
943 186 1009 218 m·
1040 185 1196 220 ArAu.

182 293 273 338 Iam
292 306 428 337 nemo
449 287 631 354 dubitet,
667 291 850 339 maxima
870 291 1031 339 laetitia
1051 291 1247 358 pastores
1268 292 1392 342 fuisse
1411 295 1485 343 ad·

83 355 247 412 festos,
283 375 383 405 cum
414 357 632 406 infantem
666 359 791 406 illum
822 359 1043 416 diuinum,
1076 363 1123 408 in
1152 379 1245 425 quo
1277 361 1382 409 esset
1410 364 1484 410 ille

86 427 161 474 diu
201 424 570 490 expestatiffimus
613 429 785 491 populo
823 429 1024 476 vniuerso
1054 432 1266 477 seruator
1292 429 1486 488 Messias,

85 494 362 548 reneriffent,
392 504 438 539 et
460 496 618 541 oculos
632 498 722 541 eius
742 493 942 560 adspeElu
963 495 1138 557 possent
1148 498 1357 558 pascere:
1392 508 1487 545 erat

88 579 138 608 ea
167 575 300 618 tanta,
345 567 526 624 tamque
557 563 712 618 viuida,
754 574 802 608 vt
830 562 1009 626 pestere
1039 567 1180 629 premi
1210 583 1301 612 non
1329 564 1487 629 posset,

89 629 162 678 sed
183 648 264 694 per
284 647 468 676 omnem
492 629 765 676 occasionem
783 646 1050 694 erumperet,
1082 644 1128 678 et
1145 624 1246 679 cum
1271 635 1489 697 popularia

91 698 176 744 bus
204 696 346 744 obuiis
366 701 782 751 communicaretur,
823 701 874 744 ad
896 717 1008 761 quos
1041 717 1196 746 omnes
1225 701 1341 748 hanc
1369 702 1490 748 laeti-

91 767 195 813 tiam
220 769 439 830 pertinere
464 784 515 811 ex
540 766 713 825 Angelo
739 767 977 813 audierant.

190 837 430 880 Enimuero
457 834 571 880 i'lliid'
594 844 766 880 tantum
797 832 986 887 bonnm,
1025 834 1146 898 quod
1179 852 1258 900 per
1291 835 1492 883 diuinum

91 902 215 950 illum
250 901 467 948 infantem
502 900 556 947 de
586 902 716 947 coelo
749 900 976 947 demissum
1010 913 1124 956 erat,
1162 906 1292 950 etiam
1323 903 1374 948 ad
1407 920 1491 951 nos

91 973 307 1036 pertinet,
353 980 398 1015 et
427 971 519 1014 eius
555 968 771 1015 aduentus
801 967 1052 1015 laetiffimus
1090 972 1222 1016 etiam
1252 970 1381 1017 nobis
1411 980 1494 1037 per

94 1037 274 1089 ¹diuinos
297 1038 480 1083 nuntios
501 1038 722 1082 innotuit:
762 1052 846 1081 nec
863 1038 1024 1082 minori
1046 1038 1203 1084 laetitia
1224 1040 1391 1084 animo's
1415 1057 1494 1086 no-

30 1103 33 1105 ’
94 1103 205 1153 stros
227 1105 420 1167 replerit,
451 1121 581 1167 quarn
604 1099 825 1167 pastorum
854 1102 1143 1162 luda‘icorum‚
1174 1103 1248 1150 etsi
1270 1122 1370 1151 eum
1401 1123 1512 1154 non,

94 1170 238 1221 oculis
271 1174 516 1225 cernimus,
547 1181 594 1217 vt
623 1171 705 1226 illi,
737 1170 766 1216 fi
799 1171 935 1218 modo
964 1189 1067 1218 eum
1090 1174 1238 1220 animo
1259 1171 1497 1233 diligenter

97 1239 355 1288 contuendo
394 1239 565 1286 aditum
604 1241 697 1285 eius
735 1238 910 1286 diuinae
949 1238 1212 1302 perfectioni
1243 1242 1289 1286 in
1325 1243 1498 1288 animos

95 1307 272 1357 nostros
292 1309 552 1371 aperiamus
623 1305 883 1363 Videamus,
913 1319 1079 1370 quanta
1101 1307 1151 1354 sit
1172 1307 1421 1368 benignitas
1440 1308 1500 1356 di*

95 1379 209 1433 vina,
238 1393 350 1439 quae
371 1375 514 1421 salutis
535 1372 707 1421 nostrae
724 1372 862 1421 cauffa
882 1372 1020 1422 filium
1042 1374 1098 1422 de
1118 1376 1248 1422 coelo
1269 1376 1500 1434 demiserit,

97 1454 263 1510 quanta
290 1442 368 1490 filii
395 1440 548 1505 ipsius,
589 1444 662 1506 qui
694 1442 783 1489 hoc
811 1455 900 1488 tam
928 1448 1064 1503 graue
1090 1445 1324 1505 negotium
1351 1443 1500 1491 salutis

96 1509 272 1566 nostrae
293 1529 374 1575 per
397 1510 575 1557 dolores
597 1510 889 1556 acerbissimos
911 1523 1045 1574 atque
1070 1522 1266 1559 mortem
1297 1512 1503 1576 reparati&

100 1579 181 1627 dae
205 1578 463 1644 susceperit,
498 1578 748 1642 sapientiam
770 1577 962 1641 denique
982 1580 1087 1634 Dei,
1122 1596 1233 1643 quae
1251 1588 1339 1625 tam
1362 1579 1502 1640 digno

99 1648 144 1696 se
166 1644 350 1694 consilio
378 1648 424 1693 in
455 1646 531 1692 illo
558 1644 848 1706 'benignitatis
882 1646 978 1692 suae
1002 1663 1141 1708 opere
1164 1645 1217 1693 sit
1246 1645 1368 1704 vsus;
1399 1653 1505 1710 pro*

102 1712 222 1765 festo
255 1713 518 1763 laetabimur
539 1716 626 1760 Dei
654 1712 930 1774 benignitate
957 1724 1003 1759 et
1028 1713 1121 1760 silio
1151 1715 1245 1760 eius
1274 1713 1327 1760 ad
1356 1715 1504 1760 salutis

103 1781 278 1831 nostrae
296 1799 410 1846 opus
433 1779 751 1846 perficiendum
779 1781 971 1826 humana
991 1791 1144 1827 natura
1174 1782 1349 1837 induto,
1384 1795 1429 1826 et
1458 1783 1505 1828 in

103 1848 258 1901 laudes
279 1852 509 1912 Vtriusque
536 1858 635 1894 toto
664 1845 845 1911 pestore
877 1840 1169 1894 effundemur.
1238 1850 1326 1906 His,
1348 1848 1507 1895 talibus

104 1919 193 1983 piis
233 1915 577 1978 cogitationibus
617 1916 787 1962 alendis
826 1917 1051 1961 materiam
1099 1916 1311 1979 proximis
1349 1914 1508 1962 diebus

106 1982 235 2046 festis,
269 1986 510 2031 memoriae
541 1985 631 2028 nati
660 1982 840 2030 Meffiae
871 1982 1011 2039 sacris,
1061 1981 1266 2030 dostores
1294 1981 1509 2029 Ecclesiae

107 2051 286 2103 nostrae
316 2049 590 2099 orationibus
622 2051 706 2097 suis
738 2049 1094 2114 suppeditabunt.
1170 2050 1240 2098 Ad
1270 2067 1341 2097 eas
1370 2052 1511 2111 igitur

110 2119 371 2175 audiendas,
414 2129 460 2165 et
499 2118 701 2164 cantibus
739 2117 864 2164 sacris
895 2116 1158 2164 beneficium
1187 2128 1361 2164 tantum
1399 2120 1513 2164 cele·

110 2187 330 2237 brandum
360 2203 691 2247 congregemur
721 2187 767 2231 in
794 2186 971 2249 templis
996 2184 1184 2233 ciuitatis
1213 2184 1405 2232 nostrae:
1440 2184 1513 2233 sed

113 2258 246 2305 etiam
278 2256 459 2319 propria
481 2254 743 2299 Academiae
762 2256 889 2299 Sacra
909 2255 954 2299 in
974 2253 1083 2305 aede
1103 2253 1293 2300 Paullina
1323 2252 1394 2299 die
1422 2255 1516 2300 illo·

112 2341 217 2373 rum
238 2324 460 2369 sacrorum
492 2323 633 2384 prima
663 2321 760 2366 hor.
779 2323 873 2369 XII.
903 2321 1155 2382 frequentes
1183 2323 1517 2378 conueniamus,

115 2393 234 2439 inter
260 2407 375 2454 quae
407 2387 634 2434 audiemus
666 2390 761 2433 Viri
791 2384 1020 2441 dostiffimi
1055 2391 1117 2436 Io.
1144 2391 1268 2437 Frid:
1293 2390 1518 2453 Hilschert}

118 2463 170 2508 Α.
190 2461 258 2504 M.
282 2459 532 2504 orationem
554 2454 775 2509 disertam,
802 2472 889 2516 qua
905 2455 1044 2502 Iesum
1067 2453 1287 2504 Christum
1309 2463 1403 2504 no'n
1421 2472 1518 2503 mo-

118 2526 179 2573 do
197 2524 382 2580 Iudaeis,
414 2522 485 2569 sed
505 2524 636 2568 etiam
658 2521 899 2583 gentilibus
929 2534 1081 2570 natum
1109 2521 1413 2582 demonstrans
1430 2531 1518 2570 n'os
1600 2574 1612 2583 u

117 2591 176 2642 ‘ad
195 2590 345 2641 laudes
365 2591 649 2654 benignitatis
670 2589 844 2638 diuinae
861 2590 1172 2655 praedicandas
1193 2592 1522 2644 excitabit-“cen
1590 2595 1616 2613 ·⁴
