1682 3068
317 163 377 193 ιιι
389 176 406 203 4
425 157 724 194 intuemur.
769 149 1184 192 consum-vanna
1355 153 1447 206 271

9 254 439 400 {tatem
428 261 1455 384 ffffigsses‘aaefflz‘seffie?

3 369 6 373 ι
141 356 186 386 in
267 377 270 379 Α
500 351 511 379 ²
1384 378 1387 379 ν
1438 361 1455 370 ·

19 386 30 406 ³
57 407 184 469 stigia
199 398 396 470 impvess'a
414 403 462 448 in
483 400 654 466 scriptis
680 400 766 447 suis
785 401 1034 464 reliquere,
1072 400 1290 450 donatum
1314 401 1456 451 fideli·

58 474 143 523 bus
163 473 367 539 Spiritum
387 471 427 515 S.
448 478 496 516 et
523 470 634 531 grati
662 470 796 515 animi
824 467 1015 515 studium
1046 468 1457 526 commemorando,

59 541 259 607 inprim‘·
274 538 522 586 Melanthon
547 538 595 582 in
618 536 845 584 Comment.
871 540 915 583 in
938 537 1069 602 Epzst.
1096 543 1155 585 ad
1178 540 1303 586 Rom.
1333 549 1379 586 et
1409 540 1458 586 in

60 609 196 665 Lm&
290 603 579 652 Recentiores
608 615 780 660 autem,
819 600 873 650 ab
898 603 1014 651 illius
1043 602 1328 669 simplicitatis
1348 622 1461 653 con-

43 669 223 738 -terssi,
250 670 357 719 dum
377 670 747 736 philosophorum
766 687 892 717 more
913 670 1099 719 modum
1119 671 1462 731 coniunstionis,

59 740 395 806 aeuumodaoe
412 737 468 785 ad
487 739 832 800 intelligentiam
853 736 1070 797 nostram,
1108 741 1324 804 explicare
1343 739 1459 788 insti-

116 859 122 862 ,
193 818 265 866 nt,
315 809 364 854 in
390 806 525 854 varias
554 806 791 854 sententias
817 803 1065 863 discessere,
1118 818 1165 855 et
1204 810 1377 870 magnis
1414 809 1459 856 se

53 815 390 934 ffigulmtibus
422 872 763 940 impediuerunt.

37 991 44 1001 ,
69 947 83 978 ·ὶ
157 952 233 1004 84.
260 949 327 990 Ac
346 939 476 989 nobis
489 940 662 990 videtur
674 939 906 990 difficultas
924 944 998 997 rei,
1017 951 1064 990 et
1082 940 1289 990 diffensus
1305 940 1461 990 ‹1030-

4 1007 162 1072 ’ῥ’ὶτωῐι
182 1011 287 1058 hinc
305 1011 490 1058 maxime
507 1010 643 1067 nasci,
680 1011 802 1074 quod
815 1047 827 1066 ‚
864 1010 1020 1058 formis
1044 1009 1259 1076 loquendi
1276 1012 1461 1076 popula-

28 1057 203 1136 ιι’ἱὶηιεῑ,
239 1091 288 1125 et
312 1077 666 1126 similitudinibus
695 1080 768 1134 iis,
806 1095 911 1142 quas
938 1077 1148 1137 diximus,
1178 1077 1463 1141 fconmrbati,

54 1147 181 1195 illam
199 1144 568 1203 coniunfflonem
587 1148 722 1195 talem
740 1147 967 1206 imaginati
991 1146 1093 1194 sunt
1109 1148 1264 1204 multi,
1298 1157 1347 1195 vt
1364 1157 1466 1195 tota

61 1211 261 1264 fanffltas
280 1230 384 1262 cum
402 1213 488 1261 suis
515 1211 730 1262 fruffibus
754 1231 781 1261 e
810 1212 899 1261 fide
926 1211 1068 1261 statim
1098 1215 1172 1262 sua
1196 1215 1378 1280 sponte,
1418 1225 1466 1262 et

2 1282 16 1318 Γ
62 1278 304 1330 necessario
325 1298 377 1329 ac
395 1280 593 1346 physice,
628 1292 675 1328 et
699 1299 751 1328 ex
769 1282 859 1344 ipsa
878 1280 980 1328 fidei
999 1280 1200 1339 essentia,
1244 1294 1294 1330 vt
1312 1281 1466 1347 Huffe-

54 1367 238 1397 mannus
261 1349 484 1414 loquitur,
515 1349 571 1395 de
590 1350 738 1397 Auxil.
764 1350 891 1396 Grat.
906 1365 951 1409 p.
971 1367 999 1404 4
1012 1366 1082 1396 12.
1103 1350 1464 1414 consequeretur.

65 1420 196 1471 Quae
212 1433 282 1464 res
302 1413 506 1480 profeao
527 1419 572 1463 in
595 1416 722 1463 deuia
742 1415 889 1477 abegit
907 1417 1076 1463 multos
1090 1454 1101 1473 ‚
1142 1422 1184 1464 in
1208 1420 1276 1465 his
1301 1419 1466 1466 Cur-cel·

0 1510 18 1535 ,r
67 1487 201 1532 laeum
230 1484 332 1551 Inst.
360 1485 452 1532 Rel.
475 1485 628 1548 Christ.
653 1482 759 1540 VII,
783 1499 827 1541 7.
862 1485 976 1531 etin
994 1486 1145 1532 Diatr.
1174 1491 1223 1534 de
1242 1486 1407 1550 Iustffic.
1426 1490 1469 1534 in

0 1567 1 1591 1
58 1551 139 1615 fin.
173 1553 253 1616 qui
280 1568 374 1598 non
396 1552 519 1598 aliam
540 1553 678 1613 magis
707 1550 767 1599 ob
787 1549 972 1598 caussam
994 1562 1149 1612 negat,
1191 1551 1296 1601 fidei
1324 1551 1470 1601 iustifi-

53 1621 203 1672 cantis
222 1619 415 1668 formam
446 1617 527 1665 esse
554 1623 600 1666 in
620 1619 879 1683 accipiendo
908 1618 1121 1666 beneficio
1142 1637 1222 1685 per
1243 1619 1467 1671 Christum

67 1697 220 1754 parto,
258 1703 391 1752 quam
418 1686 564 1751 quod,
616 1687 848 1752 quomodo
878 1687 987 1735 hinc
1015 1691 1168 1734 caritas
1196 1699 1241 1736 et
1270 1691 1468 1738 vniuersa

68 1753 266 1802 sanstitas
283 1754 509 1811 nascatur,
552 1756 729 1819 prorsus
758 1755 944 1815 intelligi
972 1772 1064 1803 non
1084 1754 1226 1820 possit.
1303 1757 1387 1806 Sed
1420 1756 1469 1805 id

58 1821 161 1876 ⁷hoc
178 1822 317 1870 modo
338 1822 522 1883 intelligi
543 1840 637 1870 non
660 1821 856 1871 debebat.
914 1827 1016 1870 Nec
1034 1826 1091 1871 ita
1110 1825 1359 1886 intelligere
1378 1827 1468 1890 ipsa

62 1885 270 1937 sanffitas
289 1901 335 1936 et
352 1890 566 1936 virtutum
585 1908 634 1938 ac
654 1890 882 1938 bonorum
903 1908 1089 1956 operum
1112 1904 1293 1948 natura,
1338 1893 1469 1940 sacris

62 1955 210 2003 literis
236 1956 414 2011 tradita,
461 1954 559 2002 sinit
567 1978 580 2010 ς
646 1975 727 2022 per
755 1975 888 2022 quam
923 1976 1017 2007 non
1059 1958 1242 2024 possunt
1283 1971 1470 2026 repente

74 2020 276 2080 existere,
318 2039 369 2070 ac
387 2023 508 2070 velut
531 2025 579 2069 in
610 2028 782 2072 animos
802 2025 988 2074 infundi.
1070 2028 1297 2083 Quorsum
1320 2040 1471 2078 autem

75 2107 190 2156 opus
210 2088 317 2136 esl'et
335 2091 603 2154 praeceptis,
638 2091 692 2137 de
713 2091 935 2140 sanffltate
953 2094 1006 2141 ad
1026 2093 1160 2143 fidem
1182 2096 1472 2158 adiungenda,

74 2169 123 2211 et
140 2155 557 2205 cohortationibus?
602 2175 714 2221 quae
740 2163 1102 2210 exercitationum
1129 2180 1267 2227 porro
1294 2163 1474 2212 necessi-

68 2237 142 2273 ,tas
168 2222 298 2280 esset,
350 2241 535 2287 quarum
561 2225 846 2275 assiduitatem
875 2240 922 2275 et
949 2229 1235 2277 constantiam
1268 2230 1473 2280 fidelibus

54 2290 466 2349 ,commendamuffi
508 2302 556 2339 vt
575 2292 861 2342 constantiam
879 2295 999 2355 reae
1018 2297 1180 2359 agendi
1207 2298 1476 2364 consequan-

52 2363 182 2408 *turi’
229 2361 333 2408 Vim
352 2363 453 2406 Deo
473 2376 578 2407 vere
598 2360 834 2409 obediendi
852 2363 1002 2411 secum
1022 2366 1171 2428 adfert
1190 2363 1321 2425 fides,
1357 2385 1472 2432 quae

29 2425 47 2432 “
70 2425 294 2483 fouenda,
334 2425 508 2483 alenda,
550 2440 598 2475 et
614 2428 667 2475 ad
698 2427 949 2478 firmitatem
969 2435 1284 2481 exercitatione
1310 2436 1474 2499 perdu-

62 2494 218 2548 ,βαιὰ
245 2493 331 2549 est,
374 2506 422 2541 vt
447 2493 502 2541 ad
528 2493 662 2543 fidem
682 2514 781 2544 vera
812 2497 1010 2546 sanffitas
1036 2511 1083 2547 et
1113 2505 1250 2547 virtus
1280 2503 1475 2551 accedat.

62 2577 111 2631 ,72
134 2563 255 2611 Petr.
280 2564 319 2617 I,
344 2578 383 2619 3.
405 2578 444 2619 ς.
474 2560 548 2608 vbi
564 2565 605 2614 ἐν
624 2565 677 2631 τῇ
694 2565 813 2621 πίςες
831 2567 1167 2627 intelligendum
1189 2567 1252 2616 est
1267 2588 1355 2626 tum
1367 2571 1474 2633 fide,

80 2637 132 2679 -tt
146 2630 192 2676 in
209 2630 366 2677 ceteris
384 2629 539 2676 formis
559 2629 765 2681 similibus
779 2669 790 2690 ‚
817 2651 929 2699 quae
946 2634 1200 2702 sequuntur.
1268 2641 1475 2693 Animus,

189 2715 194 2718 “
1424 2715 1474 2752 Vt
