1682 3068
80 181 446 216 conlvxatnn.
478 178 746 212 uxetssxr·
785 179 854 208 ΕΤ
890 179 1032 211 MODO
1066 178 1318 211 vmvnns.
1346 178 1442 225 52!

50 285 136 344 tur,
169 305 272 336 cum
298 286 594 335 &exhalatina
614 302 642 332 e
663 284 987 333 consuetudine
1012 287 1173 350 puerili
1193 289 1446 346 germanice

6 346 15 372 '³
48 356 260 413 vertendi.
286 366 366 402 aut
387 352 524 402 festae
543 353 890 417 philosophicae.
923 356 993 400 cui
1013 353 1169 402 addiai
1191 355 1306 410 sunt,
1336 358 1448 402 acci·

49 426 192 490 piunt.
239 420 244 422 ’
271 421 401 469 Vnde
435 425 505 469 vix
533 421 627 468 dici
652 418 818 485 potest,
860 433 975 485 quot
1008 423 1159 469 inanes
1200 422 1445 472 verborum

51 492 427 546 concertationes,
480 506 610 553 quam
652 489 789 535 multa
821 492 953 536 etiam
983 493 1147 537 maiora
1174 493 1288 537 mala
1319 494 1446 538 omni

49 569 257 623 tempore
275 569 374 604 naeu
391 556 485 603 sint.
521 557 623 603 Alio
642 557 745 602 loco
768 554 936 603 ostendi
956 558 1296 618 (Antimurator.
1308 577 1351 621 p·
1371 575 1446 621 25.

38 627 156 690 sqq.)
186 623 590 690 praedestinationis
609 625 900 677 Caluinianae,
928 637 975 672 et
996 626 1448 673 transsubstantiatio-

40 695 116 740 nis
149 691 340 740 monstra
372 704 473 740 nata
499 690 586 738 ess'e
616 709 643 736 e
670 691 909 739 verborum
942 692 1298 749 definitionibus,
1332 712 1447 757 quae

44 776 143 807 non
171 777 225 807 ex
254 759 636 809 obseruationibus
658 763 967 820 grammaticis,
998 772 1044 809 et
1072 760 1290 809 historicis
1311 763 1447 809 colle-

46 825 141 876 ane
167 825 315 882 effent,
346 827 420 875 sed
447 845 501 875 ex
529 828 819 890 etymologia,
857 845 999 893 eaque
1029 845 1183 893 parum
1208 827 1444 886 intellesta,

45 906 93 943 et
121 913 148 942 e
173 895 351 944 nouitiis
378 896 542 957 linguis
568 891 799 948 aestimata,
833 895 948 942 vnde
974 896 1280 944 concluliones
1310 897 1446 944 duce-

44 975 200 1010 rentur
229 944 507 1011 alieniffi‘mae
524 980 550 1009 a
569 981 666 1010 vera
685 980 835 1028 rerum
864 975 1038 1020 natura,
1075 976 1123 1011 et
1151 965 1445 1030 perabsurdae

45 1041 179 1094 atque
198 1033 376 1096 impiae.
411 1031 639 1094 Quicquid
664 1031 996 1095 propemodum
1021 1030 1082 1078 est
1105 1050 1307 1081 errorum
1329 1038 1449 1080 Pon-

45 1097 289 1146 tificiorum
318 1100 364 1146 in
393 1098 496 1146 loco
527 1097 582 1144 de
602 1101 896 1156 Poenitentia‚
930 1099 974 1147 id
996 1099 1110 1147 haud
1133 1100 1267 1148 dubie
1292 1112 1445 1148 natum

47 1163 111 1213 est
137 1183 191 1213 ex
219 1166 294 1214 tali
322 1165 475 1213 fonte:
513 1182 614 1212 cum
645 1168 790 1213 Latini
814 1165 870 1213 de
899 1185 949 1214 ea
976 1168 1400 1232 philosopharentur
1418 1186 1444 1215 e

45 1232 263 1282 vocabulo
291 1234 445 1288 latino,
474 1232 595 1298 quod
621 1235 668 1280 in
699 1231 902 1281 verlione
919 1239 982 1282 N.
1001 1240 1059 1282 T.
1076 1236 1208 1283 latina
1229 1235 1299 1291 est,
1330 1239 1444 1284 eius-

45 1317 136 1364 que
159 1301 456 1363 etymologia,
492 1304 698 1362 ignorato
725 1312 772 1348 et
799 1301 1011 1364 negleao
1036 1304 1270 1366 μετανοίας
1295 1304 1445 1360 verbo,

45 1370 92 1414 in
111 1384 204 1430 quo
231 1368 332 1432 plus
360 1366 480 1422 inest,
509 1385 642 1434 quam
670 1372 951 1433 poenitentia
976 1372 1109 1418 latine
1127 1384 1322 1436 accepta,
1357 1374 1382 1419 i.
1405 1389 1444 1418 e.

48 1433 180 1482 dolor
194 1452 222 1482 e
251 1436 365 1482 male
395 1433 537 1484 fusto:
572 1453 656 1483 nec
673 1438 759 1484 vllo
778 1438 916 1484 modo
935 1438 1144 1503 potuiss'et
1163 1439 1373 1495 accidere,
1396 1448 1446 1485 vt

47 1512 126 1550 aut
154 1505 455 1566 poenitentiae
483 1503 654 1550 summa
682 1516 929 1567 poneretur
957 1508 1002 1552 ia
1039 1511 1339 1562 contritione,
1368 1516 1462 1553 aut-

44 1571 327 1634 poenitentia
350 1587 437 1635 pro
468 1587 615 1634 poena
644 1571 910 1627 haberetur,
948 1585 998 1620 vt
1025 1575 1106 1621 alia
1133 1578 1330 1630 mittam,
1369 1572 1447 1621 nifi

45 1636 297 1686 falsa‘notio
316 1655 342 1685 e
360 1640 668 1702 poenitentiae
685 1639 825 1687 verbo
850 1640 1048 1706 suscepta
1065 1642 1226 1691 fuifl'et.
1293 1644 1448 1708 Augu-

41 1705 192 1771 stinus,
221 1707 300 1766 qui
319 1703 555 1769 saepiffime
568 1705 623 1767 ad
642 1707 734 1754 hoc
752 1707 898 1754 saxum
919 1711 1122 1774 impegit,
1151 1714 1234 1775 (ep.
1256 1713 1381 1762 LIV.
1403 1718 1447 1758 et

45 1775 166 1834 alibi)
201 1766 537 1837 poenitentiam,
567 1772 744 1830 dixerat,
778 1774 942 1822 habere
968 1793 1136 1825 nomen
1158 1798 1181 1826 a
1205 1777 1447 1843 puniendo,

25 1849 96 1887 'et
117 1838 203 1887 effe
222 1839 339 1904 quali
360 1842 676 1904 punitentiam,
708 1859 789 1906 per
818 1860 951 1907 quam
983 1845 1025 1891 se
1049 1848 1147 1909 quis
1169 1846 1259 1910 ipse
1278 1848 1447 1911 puniat.

47 1910 199 1955 Huius
218 1905 526 1954 austeritatem
542 1908 678 1955 secuti
698 1907 904 1958 ἀοᾶοτος
929 1912 1144 1961 Ecclesiae
1173 1916 1339 1969 latinae,
1370 1913 1447 1977 qui

49 1973 143 2021 fere
162 1989 319 2038 omnes
338 1989 391 2019 ex
409 1974 643 2038 Augustino
665 1976 876 2039 pendent,
906 1979 960 2025 ad
989 1992 1236 2029 extremum
1258 1985 1447 2028 Senten-

27 2041 124 2088 ”tiis
159 2040 621 2096 intulitLombardus,
676 2041 887 2106 sequente
923 2048 1047 2093 omni
1073 2046 1445 2096 Scholasticorum

49 2123 199 2169 grege.
215 2119 263 2155 vt
280 2107 394 2156 bene
414 2106 548 2156 docet
565 2110 768 2158 Mor-inus
792 2114 855 2168 (de
874 2112 1038 2161 Poenit.
1055 2118 1097 2170 1,
1121 2121 1178 2175 1.)
1209 2119 1332 2167 Hinc
1351 2132 1444 2162 ma-

48 2173 81 2222 li
106 2177 227 2223 initia
253 2177 418 2225 omnia.
488 2175 748 2240 Eodemque
774 2176 911 2226 modo
939 2184 1030 2228 orti
1051 2200 1223 2230 errores
1243 2182 1301 2230 de
1325 2186 1442 2231 Con-

49 2242 245 2299 feffione,
272 2254 320 2290 et
346 2243 404 2289 de
432 2242 1055 2310 Satisfaftionibus‚‘quarum
1084 2249 1294 2316 frequens
1325 2249 1445 2311 apud

49 2311 199 2358 Patres
226 2313 414 2366 mentio,
444 2309 519 2358 sed
542 2311 671 2370 *sensu
693 2311 816 2359 bono
843 2324 890 2361 et
909 2314 1157 2380 probando,
1189 2328 1236 2364 vt
1257 2320 1445 2367 Chemni-

4 2424 6 2426 ,
49 2379 149 2437 tius,
185 2378 398 2436 Dollaeus,
427 2390 472 2425 et
499 2379 630 2427 multi
658 2380 730 2427 alii
754 2380 1067 2430 demonstrant.
1137 2387 1275 2432 Mitto
1295 2385 1443 2432 dicere

41 2442 566 2503 ‘deconsecrationibw
602 2445 658 2494 de
691 2446 1084 2507 ordinationibuS,
1111 2452 1167 2499 de
1193 2456 1443 2501 Sacramen-

49 2513 118 2565 tia,
146 2512 203 2559 de
220 2512 547 2568 oblationibus,
580 2526 626 2560 et
644 2515 751 2571 aliis,
785 2532 897 2579 quae
916 2519 1047 2582 plena
1075 2517 1177 2567 sunt
1194 2521 1309 2586 apud
1330 2523 1442 2568 Pon·

51 2578 211 2628 tificios
239 2581 444 2645 ineptiis:
487 2598 590 2644 quas
624 2581 804 2631 subinde
832 2601 1079 2647 agnouere,
1111 2588 1445 2643 indignantibus

15 2670 18 2672 ¹
54 2644 151 2710 fis,
178 2650 298 2716 inter
315 2648 432 2716 ipsos
451 2649 682 2714 Theologi
712 2650 882 2710 literati,
915 2655 993 2721 qui
1017 2652 1267 2707 historicam
1286 2658 1445 2705 Theo·

153 2727 159 2730 ·
695 2718 775 2768 Kk
805 2734 839 2781 5
1114 2771 1131 2793 ι
1281 2724 1444 2786 logiam
