1650 3060
370 139 571 177 *sn-rtur
608 135 932 172 vznmsszn
966 138 1027 167 nt
1064 137 1242 175 luove.
1410 121 1509 173 611
1588 138 1597 145 ·

12 220 37 291 es
93 222 398 301 iunii-culum
430 243 632 306 incidere
669 241 854 308 putabat
883 259 985 299 eos,
1023 244 1100 309 qui
1133 242 1387 292 testimonio
1415 245 1508 292 hoc

8 321 14 325 ’
94 317 289 380 Spiritus
316 309 468 366 Sanssi
497 323 686 360 vtantur.
754 314 902 367 Nam,
951 311 997 359 id
1026 310 1114 360 else
1149 330 1174 359 a
1201 313 1372 378 Spiritu
1402 316 1508 360 Sau-

89 380 210 439 'stes
238 381 411 438 dicere,
471 397 498 426 e
525 379 753 442 scripturis
773 379 1006 439 cognosci:
1074 379 1199 445 quod
1241 380 1362 426 secus
1402 378 1503 437 effe,

34 473 46 479 ·
93 469 149 507 ex
175 451 282 506 '13ss
319 467 434 514 quae
473 446 684 504 diximus,
749 456 883 512 patet.
978 451 1091 494 Non
1129 465 1265 511 porro
1302 448 1393 495 hoc
1431 459 1500 495 te-

93 516 351 567 stimonium
402 516 511 580 sapit
557 512 930 561 Enthusiasmum.
1036 521 1162 563 Nam
1217 533 1296 563 eos
1348 516 1497 563 sensus

95 598 150 634 ne
190 595 378 639 motus,
453 599 570 648 quos
615 581 834 639 diximus,
910 593 957 629 et
1003 585 1047 631 in
1094 584 1254 648 quibus
1302 582 1501 635 testimo·

53 689 56 691 -
95 667 234 709 naum
254 654 449 717 Spiritus
485 648 630 698 δαηξὶί
667 653 908 714 ponimus,
981 654 1168 716 Spiritus
1205 648 1392 698 Sanstus
1434 651 1502 698 ef-

94 719 191 778 ficit
224 737 307 786 per
344 718 530 768 verbum
569 719 671 774 Dei,
740 720 997 776 cognitum,
1062 731 1108 765 et
1139 723 1385 772 cogitatum
1416 722 1503 766 ani·

12 845 21 856 ἱ
71 805 191 846 ‚mo
300 791 355 834 In
406 804 497 850 quo
547 783 662 832 naxo
710 786 891 848 quidem
951 788 1064 833 ratio
1119 788 1305 845 intelligi
1353 786 1503 844 debet,

94 853 220 921 quod
257 852 351 902 fine
386 856 557 901 ratione
594 850 896 900 testimonium
944 855 990 899 in
1030 853 1158 900 nobis
1188 851 1367 901 existere
1406 872 1503 902 non

94 920 264 992 poss'et,
333 921 405 968 sed
442 923 489 968 in
532 918 765 967 sentiendo
807 920 918 973 nihil
954 922 1045 981 agit
1082 925 1197 968 ratio
1229 935 1307 970 aut
1342 923 1503 970 intelli-

94 991 267 1053 gentia,
338 989 408 1035 sed
446 1001 627 1036 tantum
664 990 821 1052 recipit
867 989 1034 1036 sensum
1072 988 1124 1036 ab
1166 988 1337 1037 astione
1368 993 1503 1039 Smi-

95 1069 169 1105 tus
210 1073 292 1121 per
330 1055 533 1103 verbum.
629 1054 946 1103 Wesenfeliius
986 1059 1031 1101 in
1071 1058 1189 1120 Disp.
1226 1058 1281 1104 de
1330 1058 1502 1121 triplici

96 1123 207 1172 teste
245 1124 301 1170 de
338 1123 476 1170 verbo
513 1125 597 1170 Dei
629 1126 666 1169 S.
701 1126 771 1169 111.
812 1126 871 1170 ita
909 1122 1108 1171 defendit
1139 1125 1403 1172 sententiam
1445 1124 1501 1172 de

94 1190 351 1245 testimonio
388 1193 577 1258 Spiritus
618 1195 659 1239 S.
696 1190 899 1237 aduersus
941 1208 1042 1246 eos,
1110 1194 1184 1256 qui
1230 1196 1277 1239 in
1320 1211 1370 1240 ea
1417 1196 1501 1240 cir·

16 1272 23 1305 s
97 1261 257 1318 qulam
278 1257 388 1315 effe,
419 1295 422 1298 Α
450 1271 497 1305 et
537 1257 700 1322 aliquid
730 1259 903 1305 fanatici
937 1261 1114 1315 dicunt,
1183 1276 1231 1307 vt
1266 1277 1363 1308 eam
1408 1261 1502 1308 sen-

14 1352 29 1389 ³⁴.
94 1329 570 1392 tentiamexprimere
607 1328 725 1372 dicat
764 1339 931 1373 certam
969 1329 1130 1373 mentis
1169 1326 1503 1391 dispositionem

95 1408 144 1442 et
178 1390 380 1446 διάθεσιν
417 1412 441 1441 a
484 1398 583 1441 Deo
624 1407 670 1441 et
705 1396 871 1457 Spiritu
907 1392 1067 1441 santio
1105 1407 1356 1460 acceptam,
1419 1413 1501 1461 per

96 1480 232 1528 quam
276 1463 407 1525 plena
444 1472 492 1507 et
527 1461 652 1508 firma
700 1460 753 1507 de
800 1463 1046 1526 scripturae
1093 1463 1233 1510 sacrae
1271 1463 1502 1510 diuinitate

93 1527 314 1597 persuafio
360 1526 530 1583 existat3
599 1541 736 1593 atque
770 1529 823 1574 ad
866 1530 982 1576 hanc
1024 1529 1354 1595 dispofitionem
1393 1549 1503 1578 con·

95 1597 366 1661 sequendam
405 1598 633 1659 pertinere
672 1613 857 1660 preceS,
906 1597 1067 1662 quibus
1099 1615 1311 1660 rogemus
1340 1604 1504 1656 Deum,

96 1676 149 1714 vt
185 1666 342 1712 oculos
387 1664 518 1711 nobis
564 1665 732 1729 aperiat
777 1675 823 1710 et
867 1681 947 1712 cor
985 1668 1155 1729 aperiat
1208 1679 1504 1731 mentemque

96 1732 323 1781 illuminet
357 1744 492 1795 atque
529 1734 593 1779 ita
622 1731 824 1795 disponat
861 1749 913 1779 ac
951 1745 1206 1798 praeparet,
1274 1747 1342 1790 vt,
1385 1752 1505 1800 quae

38 1812 52 1818 ‘
88 1802 148 1848 'in
185 1817 236 1848 ea
263 1798 412 1846 diuina
439 1797 542 1857 fint,
609 1799 1034 1856 animaduertamus‚
1103 1804 1154 1848 iis
1195 1806 1280 1858 ita,
1347 1814 1396 1850 vt
1426 1819 1504 1867 pat

97 1865 182 1925 est,
245 1882 531 1919 moneamur,
598 1878 733 1929 atque
769 1868 830 1913 ita
868 1867 924 1914 de
962 1870 1061 1916 libri
1100 1871 1232 1932 huius
1271 1871 1504 1917 diuinitate

97 1935 242 1996 magis
301 1935 530 1995 magisque
586 1933 935 1996 persuadeamur.
1053 1937 1137 1983 Sed
1180 1955 1231 1989 ea
1279 1936 1504 2002 dispositio

98 2018 151 2050 ac
199 2001 474 2066 praeparatio
519 2015 613 2046 non
665 1996 727 2044 est
772 2000 913 2064 ipsum
959 2001 1265 2052 testimonium
1311 2008 1504 2070 Spiritus

95 2066 265 2124 sanai,
342 2066 413 2114 sed
464 2065 509 2113 id
547 2065 798 2131 praecedit,
866 2080 912 2116 et
953 2071 1107 2117 locum
1154 2071 1258 2119 facit
1284 2074 1370 2120 illis
1408 2072 1506 2118 sen·

95 2135 214 2184 {ibus
254 2152 305 2182 ae
342 2134 543 2182 motibus
580 2136 741 2190 animi,
809 2136 857 2182 in
898 2137 1055 2199 quibus
1095 2155 1178 2186 nos
1217 2140 1329 2188 illud
1358 2141 1505 2203 posui-

97 2220 214 2252 mus.
311 2206 378 2250 Hi
408 2213 557 2248 autem
592 2202 832 2248 nascuntur
867 2205 932 2252 illi
968 2204 1150 2269 quidem
1189 2224 1242 2254 ex
1282 2207 1509 2258 notisldi-

97 2272 313 2325 vinitatis,
389 2286 502 2333 quae
560 2271 811 2332 Scripturae
857 2270 1068 2319 diuinitus
1117 2273 1343 2338 impressae
1389 2273 1506 2332 suu&

97 2338 218 2388 vnde
254 2347 537 2397 argumenta,
606 2353 719 2400 quae
764 2342 948 2402 proprie
997 2339 1227 2400 dicuntur,
1300 2343 1508 2390 deriuati-

24 2442 33 2454 .
98 2416 196 2466 tur,
262 2404 336 2452 sed
362 2421 454 2451 non
484 2404 584 2450 solis
627 2406 707 2459 iis,
772 2421 929 2454 verum
970 2409 1101 2454 etiam
1132 2424 1187 2455 ex
1223 2409 1504 2459 aliisrebus.

51 2504 58 2508 .
97 2474 224 2520 Nam
251 2489 344 2520 non
376 2474 527 2520 omnia
566 2467 687 2531 figna
713 2472 887 2519 interna
925 2492 1075 2523 rerum
1103 2475 1207 2525 sunt
1243 2477 1400 2526 eadem
1434 2494 1504 2525 ar·

98 2552 316 2604 gumenta
349 2539 473 2597 talia,
541 2537 620 2587 etsi
656 2555 845 2664 eorqu
858 2543 947 2590 vim
966 2542 1168 2594 ‚habeut-
1266 2548 1377 2597 Hoc
1399 2547 1503 2660 gui-

857 2626 884 2674 q
922 2627 948 2660 2
1430 2629 1504 2660 em
