1682 3068
138 155 234 207 260
443 169 732 200 vmmcmx
769 171 1028 202 Anaxa-1211
1061 174 1239 205 mvnu

136 279 334 326 animum
354 275 600 324 humanum
619 274 782 340 aliquid
803 278 933 332 certi,
978 295 1070 342 quo
1101 280 1234 342 plane
1261 280 1535 342 acquiescere

134 343 289 411 possit,
325 345 512 390 maxime
530 343 720 393 interest.
795 345 938 409 quue
955 345 1066 393 adeo
1089 346 1285 394 fatentur
1303 346 1537 403 Pontificii,

134 414 317 461 salutem
337 428 362 457 e
383 409 605 458 sanstitate
620 409 947 477 suspendentes,
979 430 1080 461 cum
1103 413 1268 470 dicunt,
1289 416 1390 478 quia
1403 429 1540 462 nemo

137 482 245 528 scire
266 478 416 544 poff
379 489 399 526 t
452 477 632 542 quando
650 479 746 527 satis
764 496 952 544 operum
977 480 1202 528 bonorum
1223 480 1393 537 habeat,
1427 482 1537 529 sem-

136 565 220 614 per
241 546 402 595 debere
424 545 646 601 dubitare,
677 565 731 594 an
751 545 782 593 s
785 558 804 594 t
823 550 868 594 in
888 549 1048 608 gratia:
1095 566 1207 613 quae
1233 546 1294 595 est
1313 549 1536 597 horribilis

139 626 188 663 et
220 613 532 680 desperationis
561 614 691 679 plena
718 617 884 679 opinio.
984 620 1091 671 Quo
1120 618 1258 677 magis
1285 616 1536 678 agnoscitur

141 683 337 743 benigna
357 681 562 747 sapientia
586 684 695 736 Dei,
729 701 842 747 quae
870 683 946 747 spe
967 683 1112 730 salutis
1133 683 1183 731 ad
1207 683 1341 731 solam
1363 684 1535 732 bonita-

137 763 232 799 tem
253 761 300 797 et
318 747 650 827 promi-(sionem
678 717 797 798 suam
830 750 1122 829 conferenda,
1165 767 1347 798 omnem
1371 751 1539 799 dubita-

137 821 311 867 tionem
330 819 520 873 amauit,
556 827 603 864 et
631 819 785 865 animis
804 822 982 883 piorum
1004 828 1151 866 veram'
1169 820 1535 882 tranquillitatem

135 884 355 943 reddidit;
404 900 535 950 quam
565 885 700 932 talem
720 886 862 950 spem
905 896 954 932 vt
975 902 1078 933 vere
1111 888 1170 933 ait
1191 886 1386 944 PaulluS,
1428 889 1536 936 Ebr.

137 955 232 1010 VI,
263 968 337 1010 19.
381 951 437 1007 ὠς
467 949 669 1018 α’γκόξαν
697 953 854 1033 i'xeflauv
880 955 955 1008 τῆς
982 949 1138 1016 ψυχης
1164 952 1364 1017 α’σφαλῆ
1390 973 1437 1004 τε
1462 956 1537 1018 qq)

137 1018 342 1083 βεβαίαν,
368 1030 416 1068 vt
433 1037 629 1068 ancoram
647 1025 774 1069 animi
790 1031 943 1069 certam
964 1023 1191 1083 etflrmam
1211 1034 1430 1078 tenemus,
1449 1038 1536 1084 qua

137 1087 326 1137 firmiter
350 1089 456 1143 niti,
506 1099 554 1134 et
575 1104 734 1135 omnes
764 1087 1086 1137 dubitationum
1114 1100 1274 1136 ventos
1303 1100 1348 1136 et
1375 1087 1536 1138 fluetus

138 1166 429 1206 contemnere
448 1155 589 1202 securi
610 1155 836 1220 poffimus.

236 1227 313 1284 76.
355 1223 439 1270 Sed
460 1223 535 1269 hic
560 1234 762 1270 occurrat
788 1222 917 1270 nobis
938 1223 1094 1287 aliquis
1121 1221 1204 1280 sic,
1247 1232 1295 1271 vt
1315 1222 1450 1278 dicat,
1489 1225 1535 1270 in

141 1290 231 1356 ipsa
252 1287 339 1337 fide
358 1289 609 1338 adiunstam
639 1289 724 1338 effe
745 1289 1018 1354 promissioni
1037 1291 1214 1338 diuinae
1231 1290 1537 1337 conditionem

135 1359 349 1422 aliquam,
391 1358 566 1404 homini
601 1356 922 1423 praestandam:
976 1375 1074 1405 eam
1105 1369 1255 1405 autem
1284 1357 1418 1421 ipsam
1450 1355 1536 1403 efl‘e

72 1442 74 1444 ’
135 1424 372 1480 eiusmodi,
393 1436 440 1472 vt
458 1425 642 1473 dubium
661 1424 846 1473 reddere
862 1425 1059 1473 animum
1082 1427 1128 1472 in
1141 1435 1308 1473 euentu
1319 1425 1536 1489 sperando

137 1490 292 1558 postit3
361 1509 464 1540 cum
485 1492 584 1540 satis
606 1491 803 1551 constet,
837 1492 1206 1540 incidere'animis
1228 1489 1350 1556 poffe
1369 1492 1538 1540 dubita·

137 1563 286 1608 tiones
305 1558 359 1606 de
390 1559 499 1613 fide,
539 1578 643 1608 cum
664 1572 888 1616 metuant,
930 1571 980 1608 vt
1003 1561 1194 1607 habeant
1216 1559 1351 1607 fidem
1372 1572 1532 1616 veram,

137 1629 207 1675 cui
229 1627 456 1693 promiffio
477 1625 584 1675 fasta
607 1626 665 1674 sit.
715 1632 847 1674 Haec
863 1643 954 1673 non
972 1625 1064 1672 fine
1082 1627 1225 1691 specie
1243 1628 1331 1674 veri
1351 1626 1435 1674 dici
1457 1626 1535 1674 sci-

136 1711 259 1742 mus:
290 1711 376 1742 nec
394 1706 555 1750 tamen,
590 1693 695 1757 quid
715 1697 825 1741 certi
844 1694 1094 1758 responderi
1114 1694 1255 1758 poffit,
1285 1710 1380 1740 non
1401 1694 1533 1741 habe-

135 1779 249 1810 mus
325 1764 521 1809 Primum
543 1764 687 1817 enim,
722 1759 985 1809 verissimum
1006 1759 1210 1826 proscisso
1229 1759 1291 1807 est
1311 1761 1376 1816 id,
1411 1760 1535 1825 quod

135 1829 370 1891 Theologi
388 1827 534 1886 nostri,
563 1831 638 1893 qui
657 1831 935 1876 accuratioris
952 1829 1169 1894 loquendi
1186 1829 1358 1875 formae
1375 1827 1536 1876 curiosi

138 1899 279 1952 fuere,
309 1895 616 1950 defenderunt,
649 1913 752 1943 cum
774 1906 998 1956 negarent,
1029 1897 1076 1941 in
1102 1895 1189 1943 fide
1208 1896 1532 1956 agnoscendam

140 1963 226 2014 csse
255 1962 562 2011 conditionem
593 1964 753 2019 salutis,
805 1963 940 2028 idque
966 1963 1151 2010 verbum
1181 1980 1233 2010 ex
1266 1963 1348 2010 hac
1394 1960 1534 2010 cauffa

138 2032 274 2109 plane
291 2030 656 2078 excludivellent.
757 2035 878 2078 Nam
909 2029 1112 2096 profesto
1149 2033 1195 2077 in
1220 2029 1327 2084 fide,
1370 2027 1402 2076 fi
1433 2047 1532 2077 rem

138 2088 269 2147 κᾶθ’
287 2109 497 2163 reputare
525 2101 732 2156 velimus,
771 2101 882 2146 nihil
910 2097 1025 2146 aliud
1055 2099 1348 2162 reperiamuS,
1398 2107 1532 2161 quam

138 2167 327 2214 modum
363 2165 567 2214 beneficii
603 2167 870 2230 accipiendi,
917 2165 946 2213 s
949 2183 1004 2213 ue
1035 2166 1170 2231 ipsam
1207 2166 1530 2228 acceptionem,

137 2251 297 2299 quael
270 2231 300 2280 s
301 2245 320 2280 t
337 2236 554 2281 contraria
573 2234 877 2298 repudiationi.
949 2235 1038 2290 Qui
1057 2233 1109 2280 ad
1132 2231 1393 2280 beneficium
1427 2231 1531 2278 dan-

139 2301 245 2349 dum
269 2313 442 2365 paratus
464 2300 547 2357 est,
593 2302 725 2365 idque
753 2300 888 2348 offert
915 2302 1155 2362 indigenti,
1193 2316 1286 2346 non
1321 2297 1529 2364 profesto

137 2368 210 2415 dat
230 2385 334 2415 cum
356 2368 616 2415 conditione
635 2369 896 2433 accipiendi,
926 2371 1024 2433 quia
1044 2369 1139 2415 vult
1158 2368 1317 2445 accipi3
1347 2377 1392 2412 et
1427 2383 1528 2413 cum

133 2447 318 2483 reuocat
338 2434 629 2493 beneficium,
667 2438 788 2501 quod
810 2437 1028 2502 spernitur
1050 2452 1133 2482 nee
1159 2437 1391 2499 accipitur,
1434 2450 1527 2479 non

133 2504 239 2567 quia
259 2502 491 2549 conditio
479 2521 523 2549 m
536 2502 679 2550 dando
700 2502 927 2569 proposita
946 2520 1038 2550 non
1061 2501 1311 2566 praestatur,
1332 2513 1528 2556 reuocat,

134 2568 209 2616 sed
231 2571 331 2632 quia
350 2568 634 2625 beneficium,
667 2573 868 2635 accipere
885 2571 1121 2623 recusanti,
1153 2569 1240 2615 dari
1258 2584 1351 2614 non
1369 2566 1525 2631 potest.

133 2639 187 2686 In
206 2634 294 2686 fide
322 2638 459 2697 igitur
488 2639 597 2685 nihil
618 2638 734 2685 aliud
755 2638 840 2696 est,
878 2639 958 2687 nifi
991 2635 1192 2686 beneficii
1219 2652 1243 2681 a
1261 2639 1359 2683 Deo
1391 2634 1526 2681 oblati

1312 2703 1525 2766 receptio,
