<?xml version="1.0" encoding="UTF-8"?>
<!DOCTYPE html PUBLIC "-//W3C//DTD XHTML 1.0 Transitional//EN"
    "http://www.w3.org/TR/xhtml1/DTD/xhtml1-transitional.dtd">
<html xmlns="http://www.w3.org/1999/xhtml" xml:lang="en" lang="en">
 <head>
  <title>
</title>
<meta http-equiv="Content-Type" content="text/html;charset=utf-8" />
  <meta name='ocr-system' content='tesseract 3.04.00' />
  <meta name='ocr-capabilities' content='ocr_page ocr_carea ocr_par ocr_line ocrx_word'/>
</head>
<body>
  <div class='ocr_page' id='page_1' title='image "./opusculatheologi00erneuoft_0538.png"; bbox 0 0 1682 3068; ppageno 0'>
   <div class='ocr_carea' id='block_1_1' title="bbox 213 130 1511 192">
    <p class='ocr_par' dir='ltr' id='par_1_1' title="bbox 213 130 1511 192">
     <span class='ocr_line' id='line_1_1' title="bbox 213 130 1511 192; baseline 0.002 -16"><span class='ocrx_word' id='word_1_1' title='bbox 213 130 312 192; x_wconf 80' lang='lat'>516</span> <span class='ocrx_word' id='word_1_2' title='bbox 383 143 445 173; x_wconf 76' lang='lat' dir='ltr'>or:</span> <span class='ocrx_word' id='word_1_3' title='bbox 486 141 832 174; x_wconf 65' lang='lat' dir='ltr'>ruzenorum:</span> <span class='ocrx_word' id='word_1_4' title='bbox 870 141 1141 175; x_wconf 68' lang='lat' dir='ltr'>rus-rome.</span> <span class='ocrx_word' id='word_1_5' title='bbox 1172 146 1239 175; x_wconf 74' lang='lat' dir='ltr'>n·</span> <span class='ocrx_word' id='word_1_6' title='bbox 1278 146 1511 179; x_wconf 59' lang='lat' dir='ltr'>noema-r.</span> 
     </span>
    </p>
   </div>
   <div class='ocr_carea' id='block_1_2' title="bbox 194 247 1671 2477">
    <p class='ocr_par' dir='ltr' id='par_1_2' title="bbox 194 247 1671 2477">
     <span class='ocr_line' id='line_1_2' title="bbox 215 247 1616 312; baseline 0.001 -13"><span class='ocrx_word' id='word_1_7' title='bbox 215 266 313 299; x_wconf 87' lang='lat' dir='ltr'>non</span> <span class='ocrx_word' id='word_1_8' title='bbox 347 247 566 297; x_wconf 84' lang='lat' dir='ltr'>sufficiant</span> <span class='ocrx_word' id='word_1_9' title='bbox 595 248 648 296; x_wconf 81' lang='lat' dir='ltr'>ad</span> <span class='ocrx_word' id='word_1_10' title='bbox 677 265 746 296; x_wconf 90' lang='lat' dir='ltr'>res</span> <span class='ocrx_word' id='word_1_11' title='bbox 774 259 975 297; x_wconf 88' lang='lat' dir='ltr'>accurate</span> <span class='ocrx_word' id='word_1_12' title='bbox 1002 249 1322 312; x_wconf 82' lang='lat' dir='ltr'>intelligendas,</span> <span class='ocrx_word' id='word_1_13' title='bbox 1355 250 1616 312; x_wconf 79' lang='lat' dir='ltr'>iudicandas,</span> 
     </span>
     <span class='ocr_line' id='line_1_3' title="bbox 217 315 1617 382; baseline 0.002 -16"><span class='ocrx_word' id='word_1_14' title='bbox 217 331 264 366; x_wconf 90' lang='lat' dir='ltr'>et</span> <span class='ocrx_word' id='word_1_15' title='bbox 284 316 552 382; x_wconf 82' lang='lat' dir='ltr'>explicandas</span> <span class='ocrx_word' id='word_1_16' title='bbox 571 315 1022 382; x_wconf 85' lang='lat' dir='ltr'>defendendasque,et</span> <span class='ocrx_word' id='word_1_17' title='bbox 1041 318 1368 367; x_wconf 75' lang='lat' dir='ltr'>confundendis</span> <span class='ocrx_word' id='word_1_18' title='bbox 1389 321 1524 368; x_wconf 82' lang='lat' dir='ltr'>rebus</span> <span class='ocrx_word' id='word_1_19' title='bbox 1545 338 1617 371; x_wconf 80' lang='lat' dir='ltr'>na-</span> 
     </span>
     <span class='ocr_line' id='line_1_4' title="bbox 215 382 1615 448; baseline 0.002 -15"><span class='ocrx_word' id='word_1_20' title='bbox 215 397 323 433; x_wconf 87' lang='lat' dir='ltr'>tura·</span> <span class='ocrx_word' id='word_1_21' title='bbox 345 386 419 433; x_wconf 89' lang='lat' dir='ltr'>sua</span> <span class='ocrx_word' id='word_1_22' title='bbox 451 382 627 432; x_wconf 80' lang='lat' dir='ltr'>diuersis</span> <span class='ocrx_word' id='word_1_23' title='bbox 659 385 810 432; x_wconf 90' lang='lat' dir='ltr'>locum</span> <span class='ocrx_word' id='word_1_24' title='bbox 840 385 1021 433; x_wconf 84' lang='lat' dir='ltr'>faciant:</span> <span class='ocrx_word' id='word_1_25' title='bbox 1060 386 1178 433; x_wconf 88' lang='lat' dir='ltr'>vnde</span> <span class='ocrx_word' id='word_1_26' title='bbox 1198 404 1386 443; x_wconf 84' lang='lat' dir='ltr'>errores,</span> <span class='ocrx_word' id='word_1_27' title='bbox 1414 388 1615 448; x_wconf 81' lang='lat' dir='ltr'>logoma·</span> 
     </span>
     <span class='ocr_line' id='line_1_5' title="bbox 217 453 1614 518; baseline 0.001 -18"><span class='ocrx_word' id='word_1_28' title='bbox 217 455 357 506; x_wconf 87' lang='lat' dir='ltr'>chiae,</span> <span class='ocrx_word' id='word_1_29' title='bbox 395 463 441 500; x_wconf 86' lang='lat' dir='ltr'>et</span> <span class='ocrx_word' id='word_1_30' title='bbox 465 457 630 508; x_wconf 88' lang='lat' dir='ltr'>inanes,</span> <span class='ocrx_word' id='word_1_31' title='bbox 662 453 787 518; x_wconf 85' lang='lat' dir='ltr'>saepe</span> <span class='ocrx_word' id='word_1_32' title='bbox 808 455 939 507; x_wconf 85' lang='lat' dir='ltr'>etiam</span> <span class='ocrx_word' id='word_1_33' title='bbox 972 456 1135 509; x_wconf 81' lang='lat' dir='ltr'>noxiae,</span> <span class='ocrx_word' id='word_1_34' title='bbox 1170 456 1522 503; x_wconf 80' lang='lat' dir='ltr'>concertationes</span> <span class='ocrx_word' id='word_1_35' title='bbox 1544 473 1614 502; x_wconf 87' lang='lat' dir='ltr'>na-</span> 
     </span>
     <span class='ocr_line' id='line_1_6' title="bbox 216 519 1614 585; baseline 0.001 -17"><span class='ocrx_word' id='word_1_36' title='bbox 216 522 408 569; x_wconf 79' lang='lat' dir='ltr'>scuntur.</span> <span class='ocrx_word' id='word_1_37' title='bbox 483 521 779 585; x_wconf 87' lang='lat' dir='ltr'>Inprimisque</span> <span class='ocrx_word' id='word_1_38' title='bbox 814 519 942 568; x_wconf 88' lang='lat' dir='ltr'>facile</span> <span class='ocrx_word' id='word_1_39' title='bbox 981 522 1273 568; x_wconf 85' lang='lat' dir='ltr'>conturbatur</span> <span class='ocrx_word' id='word_1_40' title='bbox 1309 525 1354 569; x_wconf 90' lang='lat' dir='ltr'>in</span> <span class='ocrx_word' id='word_1_41' title='bbox 1383 521 1614 583; x_wconf 85' lang='lat' dir='ltr'>ambiguis,</span> 
     </span>
     <span class='ocr_line' id='line_1_7' title="bbox 217 586 1614 656; baseline 0 -19"><span class='ocrx_word' id='word_1_42' title='bbox 217 589 310 637; x_wconf 91' lang='lat' dir='ltr'>hoc</span> <span class='ocrx_word' id='word_1_43' title='bbox 338 586 413 643; x_wconf 87' lang='lat' dir='ltr'>est,</span> <span class='ocrx_word' id='word_1_44' title='bbox 446 590 517 635; x_wconf 88' lang='lat' dir='ltr'>vel</span> <span class='ocrx_word' id='word_1_45' title='bbox 548 590 755 644; x_wconf 88' lang='lat' dir='ltr'>notione,</span> <span class='ocrx_word' id='word_1_46' title='bbox 789 589 862 635; x_wconf 89' lang='lat' dir='ltr'>vel</span> <span class='ocrx_word' id='word_1_47' title='bbox 891 592 1076 636; x_wconf 87' lang='lat' dir='ltr'>nornine</span> <span class='ocrx_word' id='word_1_48' title='bbox 1104 587 1341 646; x_wconf 79' lang='lat' dir='ltr'>similibus,</span> <span class='ocrx_word' id='word_1_49' title='bbox 1378 602 1425 637; x_wconf 86' lang='lat' dir='ltr'>et</span> <span class='ocrx_word' id='word_1_50' title='bbox 1456 590 1614 656; x_wconf 88' lang='lat' dir='ltr'>quibus</span> 
     </span>
     <span class='ocr_line' id='line_1_8' title="bbox 218 653 1614 722; baseline 0.001 -18"><span class='ocrx_word' id='word_1_51' title='bbox 218 657 476 704; x_wconf 90' lang='lat' dir='ltr'>communis</span> <span class='ocrx_word' id='word_1_52' title='bbox 504 653 566 702; x_wconf 89' lang='lat' dir='ltr'>est</span> <span class='ocrx_word' id='word_1_53' title='bbox 594 656 854 722; x_wconf 87' lang='lat' dir='ltr'>appellatio,</span> <span class='ocrx_word' id='word_1_54' title='bbox 893 672 996 703; x_wconf 89' lang='lat' dir='ltr'>cum</span> <span class='ocrx_word' id='word_1_55' title='bbox 1025 656 1190 703; x_wconf 87' lang='lat' dir='ltr'>diuersa</span> <span class='ocrx_word' id='word_1_56' title='bbox 1217 656 1306 722; x_wconf 90' lang='lat' dir='ltr'>ipsa</span> <span class='ocrx_word' id='word_1_57' title='bbox 1330 656 1423 705; x_wconf 82' lang='lat' dir='ltr'>sint.</span> <span class='ocrx_word' id='word_1_58' title='bbox 1491 663 1614 705; x_wconf 87' lang='lat' dir='ltr'>Nam</span> 
     </span>
     <span class='ocr_line' id='line_1_9' title="bbox 219 721 1613 785; baseline -0.001 -13"><span class='ocrx_word' id='word_1_59' title='bbox 219 721 298 772; x_wconf 80' lang='lat' dir='ltr'>etsi</span> <span class='ocrx_word' id='word_1_60' title='bbox 327 721 622 771; x_wconf 83' lang='lat' dir='ltr'>diuersitatem</span> <span class='ocrx_word' id='word_1_61' title='bbox 660 722 1022 785; x_wconf 80' lang='lat' dir='ltr'>significationum</span> <span class='ocrx_word' id='word_1_62' title='bbox 1060 741 1152 770; x_wconf 90' lang='lat' dir='ltr'>non</span> <span class='ocrx_word' id='word_1_63' title='bbox 1182 727 1409 784; x_wconf 84' lang='lat' dir='ltr'>ignorant,</span> <span class='ocrx_word' id='word_1_64' title='bbox 1449 736 1613 781; x_wconf 88' lang='lat' dir='ltr'>tamen,</span> 
     </span>
     <span class='ocr_line' id='line_1_10' title="bbox 218 790 1614 852; baseline -0.001 -12"><span class='ocrx_word' id='word_1_65' title='bbox 218 809 323 840; x_wconf 91' lang='lat' dir='ltr'>cum</span> <span class='ocrx_word' id='word_1_66' title='bbox 352 790 741 839; x_wconf 81' lang='lat' dir='ltr'>exercitationibus</span> <span class='ocrx_word' id='word_1_67' title='bbox 770 791 933 838; x_wconf 86' lang='lat' dir='ltr'>crebris</span> <span class='ocrx_word' id='word_1_68' title='bbox 970 803 1016 838; x_wconf 89' lang='lat' dir='ltr'>et</span> <span class='ocrx_word' id='word_1_69' title='bbox 1048 791 1331 852; x_wconf 84' lang='lat' dir='ltr'>diligentibus</span> <span class='ocrx_word' id='word_1_70' title='bbox 1368 795 1417 840; x_wconf 90' lang='lat' dir='ltr'>in</span> <span class='ocrx_word' id='word_1_71' title='bbox 1455 794 1614 841; x_wconf 90' lang='lat' dir='ltr'>scholis</span> 
     </span>
     <span class='ocr_line' id='line_1_11' title="bbox 214 854 1614 926; baseline 0.001 -20"><span class='ocrx_word' id='word_1_72' title='bbox 214 854 591 926; x_wconf 63' lang='lat' dir='ltr'>philosophorum</span> <span class='ocrx_word' id='word_1_73' title='bbox 630 875 722 906; x_wconf 91' lang='lat' dir='ltr'>non</span> <span class='ocrx_word' id='word_1_74' title='bbox 762 857 1028 916; x_wconf 85' lang='lat' dir='ltr'>didicerunt,</span> <span class='ocrx_word' id='word_1_75' title='bbox 1071 858 1315 907; x_wconf 84' lang='lat' dir='ltr'>discrimina</span> <span class='ocrx_word' id='word_1_76' title='bbox 1345 877 1522 918; x_wconf 87' lang='lat' dir='ltr'>rerum,</span> <span class='ocrx_word' id='word_1_77' title='bbox 1567 863 1614 907; x_wconf 91' lang='lat' dir='ltr'>in</span> 
     </span>
     <span class='ocr_line' id='line_1_12' title="bbox 216 924 1612 988; baseline -0.001 -12"><span class='ocrx_word' id='word_1_78' title='bbox 216 928 540 976; x_wconf 86' lang='lat' dir='ltr'>communitate</span> <span class='ocrx_word' id='word_1_79' title='bbox 569 924 828 982; x_wconf 87' lang='lat' dir='ltr'>verborum,</span> <span class='ocrx_word' id='word_1_80' title='bbox 857 937 1061 973; x_wconf 77' lang='lat' dir='ltr'>accurate</span> <span class='ocrx_word' id='word_1_81' title='bbox 1079 937 1253 982; x_wconf 91' lang='lat' dir='ltr'>tenere,</span> <span class='ocrx_word' id='word_1_82' title='bbox 1289 930 1397 974; x_wconf 91' lang='lat' dir='ltr'>etin</span> <span class='ocrx_word' id='word_1_83' title='bbox 1420 928 1612 988; x_wconf 83' lang='lat' dir='ltr'>legendo</span> 
     </span>
     <span class='ocr_line' id='line_1_13' title="bbox 214 993 1614 1057; baseline -0.001 -14"><span class='ocrx_word' id='word_1_84' title='bbox 214 1012 265 1043; x_wconf 80' lang='lat' dir='ltr'>ac</span> <span class='ocrx_word' id='word_1_85' title='bbox 283 993 514 1041; x_wconf 89' lang='lat' dir='ltr'>iudicando</span> <span class='ocrx_word' id='word_1_86' title='bbox 538 993 709 1056; x_wconf 86' lang='lat' dir='ltr'>semper</span> <span class='ocrx_word' id='word_1_87' title='bbox 727 995 772 1038; x_wconf 91' lang='lat' dir='ltr'>in</span> <span class='ocrx_word' id='word_1_88' title='bbox 794 995 933 1040; x_wconf 88' lang='lat' dir='ltr'>oculis</span> <span class='ocrx_word' id='word_1_89' title='bbox 951 1004 1085 1057; x_wconf 89' lang='lat' dir='ltr'>atque</span> <span class='ocrx_word' id='word_1_90' title='bbox 1102 996 1147 1039; x_wconf 89' lang='lat' dir='ltr'>in</span> <span class='ocrx_word' id='word_1_91' title='bbox 1165 998 1313 1042; x_wconf 85' lang='lat' dir='ltr'>animo</span> <span class='ocrx_word' id='word_1_92' title='bbox 1335 994 1508 1052; x_wconf 84' lang='lat' dir='ltr'>habere,</span> <span class='ocrx_word' id='word_1_93' title='bbox 1538 995 1614 1042; x_wconf 93' lang='lat' dir='ltr'>ob-</span> 
     </span>
     <span class='ocr_line' id='line_1_14' title="bbox 213 1059 1614 1127; baseline -0.001 -17"><span class='ocrx_word' id='word_1_94' title='bbox 213 1062 476 1110; x_wconf 87' lang='lat' dir='ltr'>liuiscuntur</span> <span class='ocrx_word' id='word_1_95' title='bbox 491 1074 675 1125; x_wconf 88' lang='lat' dir='ltr'>repente</span> <span class='ocrx_word' id='word_1_96' title='bbox 707 1059 974 1115; x_wconf 46' lang='lat' dir='ltr'>discriminis</span> <span class='ocrx_word' id='word_1_97' title='bbox 1010 1061 1261 1124; x_wconf 87' lang='lat' dir='ltr'>praesertim</span> <span class='ocrx_word' id='word_1_98' title='bbox 1280 1060 1310 1107; x_wconf 81' lang='lat' dir='ltr'>fi</span> <span class='ocrx_word' id='word_1_99' title='bbox 1331 1079 1414 1126; x_wconf 88' lang='lat' dir='ltr'>qua</span> <span class='ocrx_word' id='word_1_100' title='bbox 1441 1062 1614 1127; x_wconf 88' lang='lat' dir='ltr'>cupidi-</span> 
     </span>
     <span class='ocr_line' id='line_1_15' title="bbox 212 1126 1610 1192; baseline -0.001 -14"><span class='ocrx_word' id='word_1_101' title='bbox 212 1140 279 1178; x_wconf 85' lang='lat' dir='ltr'>tas</span> <span class='ocrx_word' id='word_1_102' title='bbox 300 1127 598 1176; x_wconf 72' lang='lat' dir='ltr'>intercesserit.</span> <span class='ocrx_word' id='word_1_103' title='bbox 668 1129 850 1175; x_wconf 79' lang='lat' dir='ltr'>Petauio</span> <span class='ocrx_word' id='word_1_104' title='bbox 877 1126 1070 1192; x_wconf 89' lang='lat' dir='ltr'>quidem,</span> <span class='ocrx_word' id='word_1_105' title='bbox 1103 1139 1151 1175; x_wconf 88' lang='lat' dir='ltr'>vt</span> <span class='ocrx_word' id='word_1_106' title='bbox 1172 1128 1225 1174; x_wconf 90' lang='lat' dir='ltr'>de</span> <span class='ocrx_word' id='word_1_107' title='bbox 1246 1130 1337 1176; x_wconf 84' lang='lat' dir='ltr'>aliis</span> <span class='ocrx_word' id='word_1_108' title='bbox 1355 1140 1534 1187; x_wconf 81' lang='lat' dir='ltr'>taceam,</span> <span class='ocrx_word' id='word_1_109' title='bbox 1564 1133 1610 1176; x_wconf 89' lang='lat' dir='ltr'>in</span> 
     </span>
     <span class='ocr_line' id='line_1_16' title="bbox 211 1195 1611 1264; baseline -0.001 -20"><span class='ocrx_word' id='word_1_110' title='bbox 211 1197 440 1264; x_wconf 84' lang='lat' dir='ltr'>praeclaro</span> <span class='ocrx_word' id='word_1_111' title='bbox 459 1195 719 1258; x_wconf 83' lang='lat' dir='ltr'>dogmatum</span> <span class='ocrx_word' id='word_1_112' title='bbox 741 1195 1100 1256; x_wconf 86' lang='lat' dir='ltr'>theologicorum</span> <span class='ocrx_word' id='word_1_113' title='bbox 1129 1213 1279 1260; x_wconf 88' lang='lat' dir='ltr'>opere,</span> <span class='ocrx_word' id='word_1_114' title='bbox 1313 1197 1404 1243; x_wconf 90' lang='lat' dir='ltr'>hoc</span> <span class='ocrx_word' id='word_1_115' title='bbox 1429 1196 1611 1245; x_wconf 88' lang='lat' dir='ltr'>subinde</span> 
     </span>
     <span class='ocr_line' id='line_1_17' title="bbox 212 1261 1611 1327; baseline 0 -16"><span class='ocrx_word' id='word_1_116' title='bbox 212 1261 424 1321; x_wconf 89' lang='lat' dir='ltr'>accidisse,</span> <span class='ocrx_word' id='word_1_117' title='bbox 456 1280 662 1326; x_wconf 90' lang='lat' dir='ltr'>eumque,</span> <span class='ocrx_word' id='word_1_118' title='bbox 697 1263 782 1310; x_wconf 87' lang='lat' dir='ltr'>hac</span> <span class='ocrx_word' id='word_1_119' title='bbox 809 1280 989 1327; x_wconf 92' lang='lat' dir='ltr'>quoque</span> <span class='ocrx_word' id='word_1_120' title='bbox 1017 1262 1071 1309; x_wconf 89' lang='lat' dir='ltr'>de</span> <span class='ocrx_word' id='word_1_121' title='bbox 1096 1263 1248 1320; x_wconf 75' lang='lat' dir='ltr'>caussa,</span> <span class='ocrx_word' id='word_1_122' title='bbox 1285 1280 1370 1310; x_wconf 91' lang='lat' dir='ltr'>nec</span> <span class='ocrx_word' id='word_1_123' title='bbox 1388 1264 1486 1320; x_wconf 86' lang='lat' dir='ltr'>suis,</span> <span class='ocrx_word' id='word_1_124' title='bbox 1516 1281 1611 1311; x_wconf 60' lang='lat' dir='ltr'>&gt;nec</span> 
     </span>
     <span class='ocr_line' id='line_1_18' title="bbox 212 1329 1609 1396; baseline -0.001 -17"><span class='ocrx_word' id='word_1_125' title='bbox 212 1333 374 1380; x_wconf 85' lang='lat' dir='ltr'>ceteris</span> <span class='ocrx_word' id='word_1_126' title='bbox 402 1329 644 1380; x_wconf 65' lang='lat' dir='ltr'>satisfecisse</span> <span class='ocrx_word' id='word_1_127' title='bbox 662 1333 862 1395; x_wconf 85' lang='lat' dir='ltr'>reperio:</span> <span class='ocrx_word' id='word_1_128' title='bbox 895 1330 950 1378; x_wconf 88' lang='lat' dir='ltr'>ab</span> <span class='ocrx_word' id='word_1_129' title='bbox 969 1347 1117 1395; x_wconf 89' lang='lat' dir='ltr'>eoque</span> <span class='ocrx_word' id='word_1_130' title='bbox 1145 1330 1359 1393; x_wconf 82' lang='lat' dir='ltr'>deceptos</span> <span class='ocrx_word' id='word_1_131' title='bbox 1379 1333 1500 1384; x_wconf 82' lang='lat' dir='ltr'>alios,</span> <span class='ocrx_word' id='word_1_132' title='bbox 1531 1333 1609 1396; x_wconf 86' lang='lat' dir='ltr'>qui</span> 
     </span>
     <span class='ocr_line' id='line_1_19' title="bbox 210 1397 1609 1463; baseline -0.001 -15"><span class='ocrx_word' id='word_1_133' title='bbox 210 1400 297 1448; x_wconf 89' lang='lat' dir='ltr'>suis</span> <span class='ocrx_word' id='word_1_134' title='bbox 331 1400 472 1447; x_wconf 85' lang='lat' dir='ltr'>oculis</span> <span class='ocrx_word' id='word_1_135' title='bbox 501 1398 649 1447; x_wconf 89' lang='lat' dir='ltr'>videre</span> <span class='ocrx_word' id='word_1_136' title='bbox 679 1401 728 1446; x_wconf 91' lang='lat' dir='ltr'>in</span> <span class='ocrx_word' id='word_1_137' title='bbox 756 1400 815 1446; x_wconf 81' lang='lat' dir='ltr'>iis-</span> <span class='ocrx_word' id='word_1_138' title='bbox 835 1398 967 1446; x_wconf 89' lang='lat' dir='ltr'>rebus</span> <span class='ocrx_word' id='word_1_139' title='bbox 999 1399 1069 1446; x_wconf 90' lang='lat' dir='ltr'>vel</span> <span class='ocrx_word' id='word_1_140' title='bbox 1087 1415 1181 1446; x_wconf 90' lang='lat' dir='ltr'>non</span> <span class='ocrx_word' id='word_1_141' title='bbox 1202 1397 1387 1463; x_wconf 89' lang='lat' dir='ltr'>possent,</span> <span class='ocrx_word' id='word_1_142' title='bbox 1422 1399 1493 1447; x_wconf 88' lang='lat' dir='ltr'>vel</span> <span class='ocrx_word' id='word_1_143' title='bbox 1515 1417 1609 1446; x_wconf 85' lang='lat' dir='ltr'>non</span> 
     </span>
     <span class='ocr_line' id='line_1_20' title="bbox 211 1462 1611 1532; baseline -0.002 -17"><span class='ocrx_word' id='word_1_144' title='bbox 211 1476 432 1524; x_wconf 87' lang='lat' dir='ltr'>curarent,</span> <span class='ocrx_word' id='word_1_145' title='bbox 465 1477 512 1515; x_wconf 88' lang='lat' dir='ltr'>vt</span> <span class='ocrx_word' id='word_1_146' title='bbox 541 1462 768 1532; x_wconf 73' lang='lat' dir='ltr'>opinien‘is</span> <span class='ocrx_word' id='word_1_147' title='bbox 797 1465 896 1514; x_wconf 85' lang='lat' dir='ltr'>suae</span> <span class='ocrx_word' id='word_1_148' title='bbox 922 1483 1073 1514; x_wconf 85' lang='lat' dir='ltr'>amore</span> <span class='ocrx_word' id='word_1_149' title='bbox 1103 1466 1462 1515; x_wconf 84' lang='lat' dir='ltr'>adhaerescerent</span> <span class='ocrx_word' id='word_1_150' title='bbox 1478 1466 1532 1514; x_wconf 80' lang='lat' dir='ltr'>ad</span> <span class='ocrx_word' id='word_1_151' title='bbox 1552 1466 1611 1522; x_wconf 84' lang='lat' dir='ltr'>id,</span> 
     </span>
     <span class='ocr_line' id='line_1_21' title="bbox 194 1533 1610 1601; baseline -0.001 -19"><span class='ocrx_word' id='word_1_152' title='bbox 194 1533 332 1601; x_wconf 16' lang='lat' dir='ltr'>&amp;quod</span> <span class='ocrx_word' id='word_1_153' title='bbox 352 1535 443 1599; x_wconf 90' lang='lat' dir='ltr'>ipse</span> <span class='ocrx_word' id='word_1_154' title='bbox 460 1533 670 1582; x_wconf 89' lang='lat' dir='ltr'>iudicarat</span> <span class='ocrx_word' id='word_1_155' title='bbox 690 1534 964 1595; x_wconf 82' lang='lat' dir='ltr'>negligenter</span> <span class='ocrx_word' id='word_1_156' title='bbox 981 1551 1032 1581; x_wconf 92' lang='lat' dir='ltr'>ac</span> <span class='ocrx_word' id='word_1_157' title='bbox 1051 1551 1205 1599; x_wconf 88' lang='lat' dir='ltr'>parum</span> <span class='ocrx_word' id='word_1_158' title='bbox 1230 1533 1454 1591; x_wconf 76' lang='lat' dir='ltr'>subtiliter,</span> <span class='ocrx_word' id='word_1_159' title='bbox 1474 1545 1610 1598; x_wconf 85' lang='lat' dir='ltr'>atque</span> 
     </span>
     <span class='ocr_line' id='line_1_22' title="bbox 208 1601 1607 1663; baseline -0.001 -13"><span class='ocrx_word' id='word_1_160' title='bbox 208 1606 342 1650; x_wconf 90' lang='lat' dir='ltr'>etiam</span> <span class='ocrx_word' id='word_1_161' title='bbox 363 1601 678 1650; x_wconf 85' lang='lat' dir='ltr'>defenderent:</span> <span class='ocrx_word' id='word_1_162' title='bbox 710 1605 755 1649; x_wconf 93' lang='lat' dir='ltr'>in</span> <span class='ocrx_word' id='word_1_163' title='bbox 777 1603 843 1649; x_wconf 84' lang='lat' dir='ltr'>his</span> <span class='ocrx_word' id='word_1_164' title='bbox 866 1603 1154 1658; x_wconf 83' lang='lat' dir='ltr'>Curcellaeum,</span> <span class='ocrx_word' id='word_1_165' title='bbox 1184 1601 1526 1663; x_wconf 71' lang='lat' dir='ltr'>elegantis,alias</span> <span class='ocrx_word' id='word_1_166' title='bbox 1542 1603 1607 1648; x_wconf 87' lang='lat' dir='ltr'>in·</span> 
     </span>
     <span class='ocr_line' id='line_1_23' title="bbox 205 1668 1607 1733; baseline -0.001 -16"><span class='ocrx_word' id='word_1_167' title='bbox 205 1673 328 1731; x_wconf 84' lang='lat' dir='ltr'>genii</span> <span class='ocrx_word' id='word_1_168' title='bbox 344 1681 390 1718; x_wconf 91' lang='lat' dir='ltr'>et</span> <span class='ocrx_word' id='word_1_169' title='bbox 409 1669 638 1717; x_wconf 72' lang='lat' dir='ltr'>dostrinae</span> <span class='ocrx_word' id='word_1_170' title='bbox 655 1671 798 1717; x_wconf 80' lang='lat' dir='ltr'>virum</span> <span class='ocrx_word' id='word_1_171' title='bbox 818 1672 977 1733; x_wconf 78' lang='lat' dir='ltr'>(praef</span> <span class='ocrx_word' id='word_1_172' title='bbox 995 1673 1052 1717; x_wconf 84' lang='lat' dir='ltr'>ad</span> <span class='ocrx_word' id='word_1_173' title='bbox 1068 1669 1262 1732; x_wconf 82' lang='lat' dir='ltr'>Epifiop.</span> <span class='ocrx_word' id='word_1_174' title='bbox 1283 1686 1379 1729; x_wconf 81' lang='lat' dir='ltr'>opp.</span> <span class='ocrx_word' id='word_1_175' title='bbox 1401 1687 1439 1715; x_wconf 76' lang='lat' dir='ltr'>n.</span> <span class='ocrx_word' id='word_1_176' title='bbox 1463 1668 1540 1717; x_wconf 81' lang='lat' dir='ltr'>VJ.</span> <span class='ocrx_word' id='word_1_177' title='bbox 1563 1679 1607 1716; x_wconf 80' lang='lat' dir='ltr'>et</span> 
     </span>
     <span class='ocr_line' id='line_1_24' title="bbox 210 1734 1606 1802; baseline -0.002 -18"><span class='ocrx_word' id='word_1_178' title='bbox 210 1740 415 1800; x_wconf 79' lang='lat' dir='ltr'>Quatern.</span> <span class='ocrx_word' id='word_1_179' title='bbox 449 1739 601 1802; x_wconf 73' lang='lat' dir='ltr'>Dispp.</span> <span class='ocrx_word' id='word_1_180' title='bbox 636 1737 706 1784; x_wconf 69' lang='lat'><em>5172.</em></span> <span class='ocrx_word' id='word_1_181' title='bbox 727 1755 776 1798; x_wconf 80' lang='lat' dir='ltr'>p.</span> <span class='ocrx_word' id='word_1_182' title='bbox 807 1747 916 1798; x_wconf 83' lang='lat'><strong>852.</strong></span> <span class='ocrx_word' id='word_1_183' title='bbox 947 1736 1082 1798; x_wconf 72' lang='lat' dir='ltr'>opp.)</span> <span class='ocrx_word' id='word_1_184' title='bbox 1119 1738 1164 1782; x_wconf 91' lang='lat' dir='ltr'>in</span> <span class='ocrx_word' id='word_1_185' title='bbox 1192 1734 1379 1798; x_wconf 67' lang='grc' dir='ltr'>ὁμοεσίε</span> <span class='ocrx_word' id='word_1_186' title='bbox 1406 1741 1606 1792; x_wconf 84' lang='lat' dir='ltr'>notione,</span> 
     </span>
     <span class='ocr_line' id='line_1_25' title="bbox 205 1802 1603 1870; baseline -0.002 -18"><span class='ocrx_word' id='word_1_187' title='bbox 205 1822 340 1870; x_wconf 87' lang='lat' dir='ltr'>quam</span> <span class='ocrx_word' id='word_1_188' title='bbox 367 1805 466 1858; x_wconf 88' lang='lat' dir='ltr'>ille,</span> <span class='ocrx_word' id='word_1_189' title='bbox 494 1814 673 1868; x_wconf 87' lang='lat' dir='ltr'>arrepto</span> <span class='ocrx_word' id='word_1_190' title='bbox 694 1803 863 1851; x_wconf 81' lang='lat' dir='ltr'>Petauii</span> <span class='ocrx_word' id='word_1_191' title='bbox 889 1804 992 1849; x_wconf 91' lang='lat' dir='ltr'>loco</span> <span class='ocrx_word' id='word_1_192' title='bbox 1021 1805 1074 1860; x_wconf 85' lang='lat' dir='ltr'>(I,</span> <span class='ocrx_word' id='word_1_193' title='bbox 1093 1821 1137 1865; x_wconf 87' lang='lat'>4.</span> <span class='ocrx_word' id='word_1_194' title='bbox 1163 1807 1256 1865; x_wconf 84' lang='lat'>15.)</span> <span class='ocrx_word' id='word_1_195' title='bbox 1288 1802 1603 1859; x_wconf 86' lang='lat' dir='ltr'>contendebat,</span> 
     </span>
     <span class='ocr_line' id='line_1_26' title="bbox 204 1868 1605 1935; baseline -0.001 -16"><span class='ocrx_word' id='word_1_196' title='bbox 204 1871 260 1920; x_wconf 85' lang='lat' dir='ltr'>ab</span> <span class='ocrx_word' id='word_1_197' title='bbox 280 1874 472 1935; x_wconf 86' lang='lat' dir='ltr'>antiquis</span> <span class='ocrx_word' id='word_1_198' title='bbox 492 1869 705 1919; x_wconf 82' lang='lat' dir='ltr'>Ecclesiae</span> <span class='ocrx_word' id='word_1_199' title='bbox 725 1868 994 1926; x_wconf 66' lang='lat' dir='ltr'>doRoribus,</span> <span class='ocrx_word' id='word_1_200' title='bbox 1022 1872 1164 1933; x_wconf 89' lang='lat' dir='ltr'>iisque</span> <span class='ocrx_word' id='word_1_201' title='bbox 1191 1869 1466 1926; x_wconf 81' lang='lat' dir='ltr'>orthodoxis,</span> <span class='ocrx_word' id='word_1_202' title='bbox 1493 1873 1605 1935; x_wconf 89' lang='lat' dir='ltr'>poni</span> 
     </span>
     <span class='ocr_line' id='line_1_27' title="bbox 206 1936 1604 1995; baseline -0.001 -8"><span class='ocrx_word' id='word_1_203' title='bbox 206 1942 255 1987; x_wconf 92' lang='lat' dir='ltr'>in</span> <span class='ocrx_word' id='word_1_204' title='bbox 287 1937 477 1994; x_wconf 78' lang='lat' dir='ltr'>essentia,</span> <span class='ocrx_word' id='word_1_205' title='bbox 511 1955 606 1988; x_wconf 90' lang='lat' dir='ltr'>non</span> <span class='ocrx_word' id='word_1_206' title='bbox 635 1954 848 1994; x_wconf 88' lang='lat' dir='ltr'>numero,</span> <span class='ocrx_word' id='word_1_207' title='bbox 878 1937 951 1984; x_wconf 88' lang='lat' dir='ltr'>sed</span> <span class='ocrx_word' id='word_1_208' title='bbox 979 1936 1122 1995; x_wconf 80' lang='lat' dir='ltr'>specie</span> <span class='ocrx_word' id='word_1_209' title='bbox 1154 1936 1320 1994; x_wconf 86' lang='lat' dir='ltr'>eadem,</span> <span class='ocrx_word' id='word_1_210' title='bbox 1352 1954 1438 1984; x_wconf 87' lang='lat' dir='ltr'>nec</span> <span class='ocrx_word' id='word_1_211' title='bbox 1465 1939 1604 1985; x_wconf 79' lang='lat' dir='ltr'>modo</span> 
     </span>
     <span class='ocr_line' id='line_1_28' title="bbox 203 2002 1604 2072; baseline -0.002 -17"><span class='ocrx_word' id='word_1_212' title='bbox 203 2007 253 2055; x_wconf 85' lang='lat' dir='ltr'>in</span> <span class='ocrx_word' id='word_1_213' title='bbox 282 2005 537 2072; x_wconf 77' lang='lat' dir='ltr'>quaestione</span> <span class='ocrx_word' id='word_1_214' title='bbox 573 2006 631 2052; x_wconf 88' lang='lat' dir='ltr'>de</span> <span class='ocrx_word' id='word_1_215' title='bbox 666 2002 843 2053; x_wconf 87' lang='lat' dir='ltr'>Christo</span> <span class='ocrx_word' id='word_1_216' title='bbox 870 2002 1178 2070; x_wconf 69' lang='grc' dir='ltr'><strong><em>θεωνθξώπῳ,</em></strong></span> <span class='ocrx_word' id='word_1_217' title='bbox 1227 2022 1362 2070; x_wconf 84' lang='lat' dir='ltr'>quem</span> <span class='ocrx_word' id='word_1_218' title='bbox 1390 2022 1442 2051; x_wconf 83' lang='lat' dir='ltr'>ex</span> <span class='ocrx_word' id='word_1_219' title='bbox 1469 2006 1604 2052; x_wconf 88' lang='lat' dir='ltr'>altera</span> 
     </span>
     <span class='ocr_line' id='line_1_29' title="bbox 203 2070 1602 2140; baseline -0.001 -19"><span class='ocrx_word' id='word_1_220' title='bbox 203 2087 334 2140; x_wconf 88' lang='lat' dir='ltr'>parte</span> <span class='ocrx_word' id='word_1_221' title='bbox 363 2092 416 2121; x_wconf 86' lang='lat' dir='ltr'>ac</span> <span class='ocrx_word' id='word_1_222' title='bbox 443 2086 600 2122; x_wconf 86' lang='lat' dir='ltr'>natura</span> <span class='ocrx_word' id='word_1_223' title='bbox 627 2072 754 2121; x_wconf 90' lang='lat' dir='ltr'>nobis</span> <span class='ocrx_word' id='word_1_224' title='bbox 782 2070 981 2137; x_wconf 73' lang='grc' dir='ltr'><strong><em>ὁμοέσιον</em></strong></span> <span class='ocrx_word' id='word_1_225' title='bbox 1009 2071 1232 2129; x_wconf 89' lang='lat' dir='ltr'>dicebant,</span> <span class='ocrx_word' id='word_1_226' title='bbox 1288 2071 1363 2120; x_wconf 88' lang='lat' dir='ltr'>sed</span> <span class='ocrx_word' id='word_1_227' title='bbox 1394 2074 1525 2119; x_wconf 87' lang='lat' dir='ltr'>etiam</span> <span class='ocrx_word' id='word_1_228' title='bbox 1555 2075 1602 2120; x_wconf 84' lang='lat' dir='ltr'>in</span> 
     </span>
     <span class='ocr_line' id='line_1_30' title="bbox 204 2138 1604 2207; baseline -0.001 -18"><span class='ocrx_word' id='word_1_229' title='bbox 204 2141 463 2207; x_wconf 84' lang='lat' dir='ltr'>quaestione</span> <span class='ocrx_word' id='word_1_230' title='bbox 493 2141 550 2189; x_wconf 89' lang='lat' dir='ltr'>de</span> <span class='ocrx_word' id='word_1_231' title='bbox 580 2143 789 2198; x_wconf 75' lang='lat' dir='ltr'>trinitate,</span> <span class='ocrx_word' id='word_1_232' title='bbox 818 2152 863 2188; x_wconf 93' lang='lat' dir='ltr'>et</span> <span class='ocrx_word' id='word_1_233' title='bbox 884 2138 1010 2206; x_wconf 70' lang='grc' dir='ltr'>λόγῳ</span> <span class='ocrx_word' id='word_1_234' title='bbox 1030 2139 1055 2187; x_wconf 94' lang='lat' dir='ltr'>s.</span> <span class='ocrx_word' id='word_1_235' title='bbox 1079 2138 1172 2188; x_wconf 86' lang='lat' dir='ltr'>filio</span> <span class='ocrx_word' id='word_1_236' title='bbox 1193 2141 1294 2188; x_wconf 86' lang='lat' dir='ltr'>Dei.</span> <span class='ocrx_word' id='word_1_237' title='bbox 1362 2138 1532 2195; x_wconf 77' lang='lat' dir='ltr'>Quodsi</span> <span class='ocrx_word' id='word_1_238' title='bbox 1553 2157 1604 2187; x_wconf 89' lang='lat' dir='ltr'>ea</span> 
     </span>
     <span class='ocr_line' id='line_1_31' title="bbox 203 2205 1671 2274; baseline -0.004 -15"><span class='ocrx_word' id='word_1_239' title='bbox 203 2227 284 2265; x_wconf 17' lang='lat' dir='ltr'>res*</span> <span class='ocrx_word' id='word_1_240' title='bbox 306 2208 427 2257; x_wconf 85' lang='lat' dir='ltr'>obest</span> <span class='ocrx_word' id='word_1_241' title='bbox 459 2211 503 2256; x_wconf 91' lang='lat' dir='ltr'>in</span> <span class='ocrx_word' id='word_1_242' title='bbox 534 2209 624 2274; x_wconf 82' lang='lat' dir='ltr'>ipsa</span> <span class='ocrx_word' id='word_1_243' title='bbox 655 2207 917 2271; x_wconf 85' lang='lat' dir='ltr'>dogmatum</span> <span class='ocrx_word' id='word_1_244' title='bbox 948 2205 1152 2263; x_wconf 86' lang='lat' dir='ltr'>historia,</span> <span class='ocrx_word' id='word_1_245' title='bbox 1192 2224 1218 2253; x_wconf 86' lang='lat' dir='ltr'>e</span> <span class='ocrx_word' id='word_1_246' title='bbox 1246 2206 1366 2255; x_wconf 84' lang='lat' dir='ltr'>libris</span> <span class='ocrx_word' id='word_1_247' title='bbox 1395 2208 1602 2254; x_wconf 84' lang='lat' dir='ltr'>humanis</span> <span class='ocrx_word' id='word_1_248' title='bbox 1663 2257 1671 2269; x_wconf 29' lang='lat' dir='ltr'>N</span> 
     </span>
     <span class='ocr_line' id='line_1_32' title="bbox 205 2272 1603 2342; baseline -0.001 -18"><span class='ocrx_word' id='word_1_249' title='bbox 205 2277 413 2334; x_wconf 82' lang='lat' dir='ltr'>eruenda,</span> <span class='ocrx_word' id='word_1_250' title='bbox 447 2288 667 2342; x_wconf 87' lang='lat' dir='ltr'>quantum</span> <span class='ocrx_word' id='word_1_251' title='bbox 696 2277 797 2322; x_wconf 86' lang='lat' dir='ltr'>inde</span> <span class='ocrx_word' id='word_1_252' title='bbox 832 2289 1040 2341; x_wconf 84' lang='lat' dir='ltr'>putamus</span> <span class='ocrx_word' id='word_1_253' title='bbox 1060 2275 1161 2321; x_wconf 86' lang='lat' dir='ltr'>mali</span> <span class='ocrx_word' id='word_1_254' title='bbox 1184 2275 1294 2322; x_wconf 84' lang='lat' dir='ltr'>nasci</span> <span class='ocrx_word' id='word_1_255' title='bbox 1313 2272 1433 2339; x_wconf 78' lang='lat' dir='ltr'>posse</span> <span class='ocrx_word' id='word_1_256' title='bbox 1454 2277 1500 2321; x_wconf 91' lang='lat' dir='ltr'>in</span> <span class='ocrx_word' id='word_1_257' title='bbox 1522 2291 1603 2322; x_wconf 89' lang='lat' dir='ltr'>no·</span> 
     </span>
     <span class='ocr_line' id='line_1_33' title="bbox 202 2341 1602 2409; baseline -0.004 -17"><span class='ocrx_word' id='word_1_258' title='bbox 202 2345 420 2399; x_wconf 80' lang='lat' dir='ltr'>tionibus,&#39;</span> <span class='ocrx_word' id='word_1_259' title='bbox 443 2361 557 2409; x_wconf 89' lang='lat' dir='ltr'>quae</span> <span class='ocrx_word' id='word_1_260' title='bbox 575 2362 626 2391; x_wconf 84' lang='lat' dir='ltr'>ex</span> <span class='ocrx_word' id='word_1_261' title='bbox 643 2342 743 2406; x_wconf 72' lang='lat' dir='ltr'>ipsis</span> <span class='ocrx_word' id='word_1_262' title='bbox 766 2343 888 2390; x_wconf 86' lang='lat' dir='ltr'>libris</span> <span class='ocrx_word' id='word_1_263' title='bbox 910 2344 1035 2390; x_wconf 86' lang='lat' dir='ltr'>sacris</span> <span class='ocrx_word' id='word_1_264' title='bbox 1053 2343 1216 2394; x_wconf 83' lang='lat' dir='ltr'>hauriri</span> <span class='ocrx_word' id='word_1_265' title='bbox 1238 2352 1284 2389; x_wconf 87' lang='lat' dir='ltr'>et</span> <span class='ocrx_word' id='word_1_266' title='bbox 1303 2351 1506 2397; x_wconf 85' lang='lat' dir='ltr'>accurate</span> <span class='ocrx_word' id='word_1_267' title='bbox 1526 2341 1602 2387; x_wconf 89' lang='lat' dir='ltr'>de·</span> 
     </span>
     <span class='ocr_line' id='line_1_34' title="bbox 200 2406 1662 2477; baseline -0.001 -18"><span class='ocrx_word' id='word_1_268' title='bbox 200 2411 317 2459; x_wconf 85' lang='lat' dir='ltr'>finiri</span> <span class='ocrx_word' id='word_1_269' title='bbox 339 2412 516 2459; x_wconf 89' lang='lat' dir='ltr'>debent.</span> <span class='ocrx_word' id='word_1_270' title='bbox 588 2413 718 2459; x_wconf 89' lang='lat' dir='ltr'>Plato</span> <span class='ocrx_word' id='word_1_271' title='bbox 737 2411 901 2458; x_wconf 85' lang='lat' dir='ltr'>solebat</span> <span class='ocrx_word' id='word_1_272' title='bbox 913 2406 1194 2457; x_wconf 63' lang='lat' dir='ltr'>Dialeazcam</span> <span class='ocrx_word' id='word_1_273' title='bbox 1217 2425 1378 2456; x_wconf 90' lang='lat' dir='ltr'>vocare</span> <span class='ocrx_word' id='word_1_274' title='bbox 1395 2407 1599 2477; x_wconf 69' lang='grc' dir='ltr'>θςιγκὸν,</span> <span class='ocrx_word' id='word_1_275' title='bbox 1658 2456 1662 2460; x_wconf 87' lang='grc'>,</span> 
     </span>
    </p>
   </div>
   <div class='ocr_carea' id='block_1_3' title="bbox 198 2477 1679 2544">
    <p class='ocr_par' dir='ltr' id='par_1_3' title="bbox 198 2477 1679 2544">
     <span class='ocr_line' id='line_1_35' title="bbox 198 2477 1679 2544; baseline -0.004 -17"><span class='ocrx_word' id='word_1_276' title='bbox 198 2480 422 2543; x_wconf 89' lang='lat' dir='ltr'>quandam</span> <span class='ocrx_word' id='word_1_277' title='bbox 440 2477 557 2544; x_wconf 84' lang='lat' dir='ltr'>quasi</span> <span class='ocrx_word' id='word_1_278' title='bbox 563 2481 737 2543; x_wconf 57' lang='lat' dir='ltr'>saepem</span> <span class='ocrx_word' id='word_1_279' title='bbox 752 2478 1031 2527; x_wconf 59' lang='lat' dir='ltr'>doffrinarum</span> <span class='ocrx_word' id='word_1_280' title='bbox 1053 2481 1240 2532; x_wconf 82' lang='lat' dir='ltr'>omnium,</span> <span class='ocrx_word' id='word_1_281' title='bbox 1264 2478 1425 2532; x_wconf 84' lang='lat' dir='ltr'>Cicero,</span> <span class='ocrx_word' id='word_1_282' title='bbox 1443 2478 1598 2524; x_wconf 71' lang='lat' dir='ltr'>leuiter</span> <span class='ocrx_word' id='word_1_283' title='bbox 1668 2482 1679 2526; x_wconf 48' lang='lat'>,⁷</span> 
     </span>
    </p>
   </div>
   <div class='ocr_carea' id='block_1_4' title="bbox 196 2543 1682 2675">
    <p class='ocr_par' dir='ltr' id='par_1_4' title="bbox 196 2543 1682 2675">
     <span class='ocr_line' id='line_1_36' title="bbox 196 2543 1682 2611; baseline -0.002 -18"><span class='ocrx_word' id='word_1_284' title='bbox 196 2558 374 2594; x_wconf 84' lang='lat' dir='ltr'>mutato</span> <span class='ocrx_word' id='word_1_285' title='bbox 414 2559 572 2611; x_wconf 82' lang='lat' dir='ltr'>tropo,</span> <span class='ocrx_word' id='word_1_286' title='bbox 620 2548 785 2594; x_wconf 85' lang='lat' dir='ltr'>vallum.</span> <span class='ocrx_word' id='word_1_287' title='bbox 861 2545 909 2592; x_wconf 87' lang='lat' dir='ltr'>Id</span> <span class='ocrx_word' id='word_1_288' title='bbox 950 2543 1181 2592; x_wconf 69' lang='lat' dir='ltr'>restiffime</span> <span class='ocrx_word' id='word_1_289' title='bbox 1210 2544 1263 2590; x_wconf 90' lang='lat' dir='ltr'>ad</span> <span class='ocrx_word' id='word_1_290' title='bbox 1294 2543 1598 2604; x_wconf 84' lang='lat' dir='ltr'>Theologiam</span> <span class='ocrx_word' id='word_1_291' title='bbox 1673 2597 1682 2607; x_wconf 56' lang='grc'><strong><em>,</em></strong></span> 
     </span>
     <span class='ocr_line' id='line_1_37' title="bbox 198 2608 1682 2675; baseline -0.003 -14"><span class='ocrx_word' id='word_1_292' title='bbox 198 2616 467 2664; x_wconf 83' lang='lat' dir='ltr'>transtulere</span> <span class='ocrx_word' id='word_1_293' title='bbox 496 2611 728 2663; x_wconf 64' lang='lat' dir='ltr'>doaiffimi</span> <span class='ocrx_word' id='word_1_294' title='bbox 760 2623 806 2661; x_wconf 91' lang='lat' dir='ltr'>et</span> <span class='ocrx_word' id='word_1_295' title='bbox 834 2611 1135 2675; x_wconf 78' lang='lat' dir='ltr'>elegantiffimi</span> <span class='ocrx_word' id='word_1_296' title='bbox 1166 2608 1381 2659; x_wconf 72' lang='lat' dir='ltr'>Ecclesiae</span> <span class='ocrx_word' id='word_1_297' title='bbox 1414 2626 1597 2671; x_wconf 87' lang='lat' dir='ltr'>graecae</span> <span class='ocrx_word' id='word_1_298' title='bbox 1674 2655 1682 2664; x_wconf 78' lang='grc'><strong>,</strong></span> 
     </span>
    </p>
   </div>
   <div class='ocr_carea' id='block_1_5' title="bbox 1550 2687 1678 2724">
    <p class='ocr_par' dir='ltr' id='par_1_5' title="bbox 1550 2687 1678 2724">
     <span class='ocr_line' id='line_1_38' title="bbox 1550 2687 1678 2724; baseline 0.008 -1"><span class='ocrx_word' id='word_1_299' title='bbox 1550 2687 1678 2724; x_wconf 58' lang='grc' dir='ltr'>(ΞῖἸ</span> 
     </span>
    </p>
   </div>
  </div>
 </body>
</html>
