1682 3068
439 138 1070 189 Mvnqtoxprvs
1411 131 1478 185 57

65 251 268 318 inprimis
287 267 311 296 a
331 247 615 316 scriptoribus
639 244 965 302 Ecclefiasticis,
1007 249 1087 312 qui
1116 245 1231 294 hane
1251 244 1475 295 rationem

69 338 94 367 e
133 318 257 366 sacris
289 317 413 369 libris
443 313 603 368 duxiffe
630 314 846 363 videntur.
942 318 1053 362 Non
1100 309 1473 368 commemorabo

67 381 428 449 cauffidicorumet
441 383 724 448 historicorum
733 382 933 447 figuras,
975 400 1000 428 e
1020 385 1239 438 Suetonio,
1285 392 1332 428 et
1350 381 1471 428 aliis:

68 471 186 519 quae
206 453 306 513 sunt
322 451 494 501 formae
514 450 747 515 loquendi,
768 453 882 495 'non
906 459 996 496 tam
1015 462 1203 513 propter
1232 446 1277 495 id
1300 448 1473 514 vsurpa·

68 533 163 577 tae,
199 510 524 586 quod-'psoprie
542 517 761 574 indicant,
806 517 879 563 sed
901 527 1087 582 propter
1108 519 1239 563 alium
1260 516 1474 565 latentem

69 589 263 648 sensum,
307 603 444 650 quem
461 587 596 652 plane
622 597 669 632 et
687 596 843 650 aperte
873 586 969 649 quis
998 584 1197 647 proferre
1226 601 1319 630 non
1352 586 1472 632 vult:
1502 611 1512 616 —

70 659 170 723 quis
187 652 250 712 est
276 655 334 701 ita
355 653 517 720 hospes
548 657 595 701 in
623 653 887 718 scriptorum
909 649 1309 699 Ecclefiasticorum
1339 650 1476 711 libris,

70 725 148 788 qui
167 721 357 778 nesciat,
403 740 442 769 v.
465 739 501 769 c.
521 720 761 770 Sabbatum
792 720 877 767 dici
906 718 1091 780 figuram
1120 721 1233 767 vitae
1264 718 1477 778 coelestis,

53 786 231 856 -agnum
256 790 503 854 paschalem
533 789 719 849 figuram
742 786 902 836 Christi
928 790 1117 844 mortui,
1156 799 1203 835 et
1228 789 1367 835 multa
1389 789 1474 835 alia

67 855 295 907 fimiliter?
338 862 388 904 In
411 875 501 922 quo
532 858 642 906 illud
672 854 1114 904 animaduertendum
1145 853 1206 901 est
1232 857 1277 902 in
1303 858 1475 920 primis,

65 925 116 974 in
133 924 343 973 omuibus
364 923 451 974 istis
471 926 626 974 formis
647 925 860 990 loquendi
876 923 932 980 id,
953 922 1075 988 quod
1097 922 1174 970 sub
1194 922 1333 985 figura
1354 924 1474 979 latet,

65 1010 159 1040 non
189 992 327 1040 modo
363 992 447 1041 effe
480 997 631 1059 potius
662 991 824 1053 figura,
865 991 937 1040 sed
968 994 1100 1038 etiarn
1131 1009 1226 1039 rem
1254 991 1392 1054 ipsam
1425 1002 1472 1038 et

66 1057 184 1126 quafi
208 1077 395 1126 corpus,
439 1079 637 1127 quocum
657 1060 723 1117 id,
764 1059 886 1126 quod
913 1057 1083 1122 figurae
1112 1059 1263 1106 locum
1284 1058 1475 1116 obtinet,

65 1139 114 1178 vt
131 1128 282 1175 vmbra
302 1145 407 1176 cum
427 1146 618 1193 corpore
632 1139 933 1194 comparetur.
1004 1130 1069 1174 Ex
1090 1145 1179 1191 quo
1197 1128 1478 1190 intelligitur,

67 1191 170 1261 eum
194 1190 359 1258 Corpus
379 1197 533 1262 Chrgsti
551 1197 679 1245 nobis
698 1202 740 1245 in
743 1197 898 1263 figura
915 1200 1039 1259 panis
1057 1200 1172 1250 dari,
1211 1194 1393 1253 dicitur,
1427 1193 1474 1241 id

19 1289 28 1295 ν
66 1266 215 1328 primo
233 1266 465 1312 veritatem
492 1268 692 1329 corporis
713 1262 875 1313 Christi
897 1263 1112 1318 indicare,
1149 1262 1309 1310 deinde
1338 1266 1473 1311 etiam

66 1332 299 1378 veritatem
324 1335 475 1395 panis:
524 1349 673 1395 neque
701 1332 777 1379 illa
804 1330 938 1380 verba
972 1331 1085 1378 aliud
1116 1329 1358 1393 significare
1390 1348 1474 1396 per

68 1397 311 1458 legitimam
353 1399 678 1463 interpretandi
722 1400 943 1447 rationem
982 1397 1128 1464 posse,
1191 1415 1326 1463 quam
1365 1415 1479 1447 cum

69 1463 348 1529 adspestabili
368 1476 419 1512 et
438 1465 619 1513 sensibili
640 1483 753 1531 pane
773 1465 862 1514 dari
889 1465 1022 1513 nobis
1052 1464 1392 1529 inadspestabile
1425 1477 1473 1513 et

67 1547 164 1578 non
185 1534 415 1578 incurrens
435 1536 481 1581 in
503 1535 662 1581 oculos
679 1551 844 1598 corpus
863 1531 1036 1593 christi,
1065 1534 1188 1598 quod
1207 1545 1476 1586 tamennon

52 1600 219 1646 ‘minus
240 1617 395 1647 verum
414 1617 464 1647 ac
486 1603 719 1665 proprium
734 1601 807 1659 sit,
831 1618 981 1666 ‘quam
1012 1602 1137 1665 panis
1157 1602 1257 1665 ipse.
1356 1606 1474 1650 Cum

67 1683 208 1732 porro
235 1669 508 1716 Tertullianus
528 1679 574 1716 et
595 1670 854 1727 Gaudentius
880 1685 1042 1733 panem
1058 1667 1255 1732 figuram
1285 1674 1474 1732 corporis

71 1733 225 1797 Christi
242 1734 422 1794 dicunt,
466 1739 661 1800 primum
692 1736 735 1783 id
763 1737 893 1784 nullo
922 1735 1062 1784 modo
1092 1735 1295 1799 prodesse
1316 1740 1472 1785 Zwin-

69 1801 239 1864 glinnae
258 1805 418 1850 rationi
439 1815 584 1870 patet,
605 1822 641 1851 e
661 1803 805 1851 verbis
828 1802 928 1869 ipfis
948 1816 1052 1852 ante
1073 1804 1326 1852 declaratis:
1373 1808 1473 1853 Mu-

69 1874 255 1934 rotorius
271 1882 442 1928 autem,
478 1873 522 1918 in
542 1871 758 1934 angustias
778 1870 978 1920 redaGus
991 1907 1002 1926 ,
1034 1872 1288 1919 mirabiliter
1309 1872 1349 1919 se
1369 1874 1474 1920 hinc

70 1937 268 2001 expedit:
319 1941 510 2002 primum
550 1941 693 1987 rursus
724 1940 962 1989 tenebrosa
991 1939 1066 1987 ista
1096 1941 1228 1988 verba
1263 1942 1475 1996 iudicans,

69 2003 232 2055 deinde
251 2023 300 2052 ea
318 2005 375 2067 fic
393 2005 490 2071 post
508 2009 614 2055 alios
648 2010 889 2072 explicam,
927 2020 975 2056 vt
1000 2010 1245 2056 Tertulliani
1272 2022 1474 2057 mentem

71 2069 156 2118 effe
177 2071 309 2127 dieat,
347 2090 507 2137 panem
520 2077 575 2121 jn
597 2077 755 2122 veteris
775 2074 1052 2123 Testamenti
1083 2076 1200 2123 libris
1221 2075 1343 2123 fuisse
1363 2075 1473 2137 figu-

71 2156 180 2194 ram,
202 2141 228 2184 i.
252 2157 289 2188 e.
309 2150 471 2204 typum
491 2146 690 2206 corporis
713 2141 890 2191 Christi:
927 2142 1051 2209 quod
1070 2142 1131 2190 est
1153 2144 1491 2192 alienissimum..

70 2205 310 2255 Consilium
330 2206 635 2271 disputationis
658 2209 739 2267 est,
770 2212 975 2258 refellere
993 2214 1278 2267 Marcionem,
1310 2214 1386 2276 qui
1425 2216 1476 2260 in

72 2272 245 2323 Christo
267 2293 421 2322 verum
441 2292 605 2342 corpus
625 2279 867 2326 humanum
891 2278 1015 2325 fuisse
1037 2279 1246 2340 negabat,
1269 2292 1314 2326 vt
1335 2297 1479 2335 nemo,

71 2343 260 2409 ignorat.
361 2345 412 2389 In
435 2344 526 2391 allis
546 2348 820 2406 argumentis
841 2348 978 2394 vtitur
996 2347 1105 2402 hoc,
1143 2346 1263 2410 quod
1286 2345 1472 2406 duflum

43 2438 45 2440 -
74 2407 135 2456 est
153 2409 206 2456 ab
227 2408 501 2458 Eucharistia.
575 2416 624 2459 In
646 2431 694 2460 ea
713 2411 956 2470 Christum,
995 2414 1073 2469 ait,
1104 2411 1265 2472 dixisse,
1303 2416 1392 2462 hoc
1411 2414 1474 2462 est

67 2494 237 2539 corpus
277 2495 450 2525 meum:
502 2496 695 2543 quorum
733 2480 972 2527 verborum
1009 2497 1104 2528 non
1139 2482 1260 2528 hunc
1302 2483 1476 2532 sensum

70 2542 217 2601 -fuiffe,
271 2557 340 2600 vt,
391 2545 514 2609 quod
541 2549 584 2594 in
617 2565 752 2596 mauu
782 2549 872 2598 eius
904 2546 1116 2604 viderint,
1170 2548 1276 2596 esset
1305 2568 1474 2615 corpus

76 2610 234 2679 ipfim,
274 2613 343 2660 sed
373 2627 422 2661 vt
446 2612 512 2671 id,
551 2617 595 2663 h.
628 2633 666 2664 e.
696 2617 819 2683 panis
845 2616 923 2663 ille
950 2613 1059 2663 effet
1086 2615 1226 2679 figura
1256 2623 1476 2682 corporis.
1525 2646 1529 2649 -

768 2686 811 2729 D
852 2700 876 2745 ς
1298 2684 1473 2747 siguum

635 2787 942 2837 Ns„

830 2939 866 2989 Q

858 3011 880 3030 Ο
