1682 3068
379 193 442 224 nv
491 171 1246 223 ntnexouz'cousruvzuna
1304 224 1315 237 .
1419 178 1515 230 183

26 314 40 331 ff
101 302 335 356 bonorum,
390 299 547 348 bonini
585 297 656 346 vel
688 287 1034 357 expetendorum,
1081 295 1152 342 vel
1174 292 1513 360 sperandorum:

18 396 23 407 ·
105 369 295 417 alterum
313 365 685 482 :affluat
699 371 878 410 naturae
896 365 1067 410 indolem
1088 372 1214 426 atquc
1230 364 1512 409 conditionem.

110 439 177 484 Ex
215 436 286 484 his
334 433 362 482 d
536 431 671 479 rebus
717 429 950 495 quomodo
993 439 1256 489 argumenta
1296 427 1512 476 afferendi

106 503 253 552 diuini
287 504 336 550 in
373 497 512 550 euulsa
550 499 780 561 religionis
809 495 979 545 arbitrii
1008 497 1248 554 ducantur,
1296 514 1402 559 age,
1447 499 1510 544 vi·

110 571 307 619 deamus.

211 655 285 697 13.
332 641 450 694 Iam,
488 633 612 701 qnod
640 633 694 683 ad
720 634 981 682 felicitatem
1011 643 1059 680 et
1087 633 1208 680 bona
1246 630 1510 681 hominibus

107 707 183 755 vel
208 705 308 753 date
330 706 405 754 vel
431 703 640 752 destinata
669 702 901 758 diuinitus,
941 714 1073 766 atque
1102 701 1214 748 adeo
1244 699 1507 766 expetenda,

101 800 106 803 v
213 774 225 784 '
313 808 328 830 ‚
368 773 460 825 hoc
478 773 591 820 mihi
613 772 810 836 primum
829 770 963 818 velim
982 769 1190 827 concedi,
1233 781 1296 824 vt,
1322 771 1367 835 fi
1401 774 1510 816 bona

105 843 183 892 ¹⁶1!ae
198 851 325 906 atque
338 841 529 905 felicitas
545 842 724 888 habeant
745 839 847 886 hanc
863 832 1130 887 conditionem
1148 847 1276 900 atque
1300 849 1512 889 naturam,

75 956 80 959 γ
105 918 158 959 vt
174 925 262 957 cum
281 911 392 957 nullo
402 925 558 975 genere
578 908 781 956 astianum
805 908 1079 955 humanarum
1104 907 1294 954 naturali
1311 925 1359 953 ac
1387 902 1510 965 necql:

95 977 223 1042 firio
239 979 398 1025 vinculo
414 979 655 1040 copulentur
665 1012 678 1034 ‚
692 977 861 1044 fiatque
876 976 1030 1022 liberae
1047 978 1315 1038 benignitatis
1331 985 1372 1022 et
1392 972 1507 1038 quast

105 1048 374 1093 redundante
392 1046 525 1094 libera
549 1043 761 1105 beneficia,
797 1051 849 1090 vt
875 1045 1012 1108 igitur
1044 1045 1158 1107 leges
1188 1050 1230 1089 et
1255 1045 1505 1090 conditiones

104 1128 252 1161 eorum
278 1130 305 1159 a
325 1114 421 1160 Deo
437 1114 830 1178 confiquendorum,
865 1120 907 1157 et
923 1110 1048 1173 officia
1066 1111 1310 1174 fruentium
1335 1113 1505 1172 pariter

105 1183 343 1228 arbitraria
355 1182 449 1247 fint
468 1189 512 1228 et
529 1183 661 1229 libera
682 1191 826 1228 eorum
842 1179 1023 1233 austeri,
1060 1196 1190 1244 neqve
1209 1178 1292 1226 vlle
1311 1181 1431 1226 modo
1454 1196 1507 1225 ex

79 1273 86 1276 -
105 1247 200 1310 ipsa
218 1256 397 1296 naturae
413 1251 577 1296 diuinae
594 1250 874 1312 humanaeque
889 1247 1076 1294 naturali
1100 1250 1332 1311 cognitione
1360 1248 1510 1295 intelli-

102 1323 277 1379 gentur.
372 1317 438 1360 Ex
457 1332 551 1379 quo
569 1314 886 1379 consequetur,
928 1325 999 1370 vt,
1035 1312 1065 1360 fi
1085 1318 1209 1361 Deus
1235 1313 1512 1362 naturalibus

107 1382 340 1442 religionis
359 1379 515 1429 officiis
532 1383 622 1430 hoc
639 1381 827 1435 tribuat,
858 1390 906 1428 vt
924 1383 974 1427 iis
994 1381 1214 1429 seruandis
1232 1383 1438 1429 homines
1462 1390 1512 1428 et

108 1446 209 1496 satis
228 1450 338 1509 grati
356 1465 441 1514 pro
460 1449 620 1497 talibus
641 1449 847 1513 acceptis,
868 1457 915 1494 et
927 1447 1048 1509 digni
1067 1449 1230 1496 futuris
1250 1447 1510 1505 habeantur,

108 1515 155 1563 id
165 1526 315 1564 totum
323 1532 415 1564 non
432 1514 531 1581 ipsis
542 1514 711 1571 officiis,
729 1532 979 1580 eorumque
991 1528 1181 1572 naturae,
1191 1516 1286 1572 hoe
1294 1514 1367 1570 est,
1381 1527 1508 1564 natu-

67 1607 71 1611 ·
107 1585 190 1632 rali
206 1581 413 1640 bonitati,
451 1583 526 1630 sed
550 1583 715 1631 liberae
731 1584 818 1630 Dei
834 1581 1095 1645 benignitati
1123 1582 1356 1643 debeatur,
1398 1601 1510 1649 quae

99 1653 336 1701 'muttere
367 1649 424 1697 de
449 1653 547 1699 iure
573 1652 676 1709 suo,
720 1660 767 1697 et
795 1648 1029 1699 neceffinrio
1057 1650 1311 1699 officiorum
1342 1669 1512 1713 genere

100 1729 321 1768 contenta
338 1716 425 1766 effe
442 1720 560 1767 velit.
627 1717 828 1767 Concedi
845 1716 919 1766 ista
939 1720 1061 1776 mihi,
1095 1719 1150 1767 de
1166 1720 1508 1768 Mathematico-

101 1801 215 1836 rum
243 1803 396 1844 more,
435 1784 669 1852 postulaui.
746 1790 871 1841 Iure,
915 1796 964 1834 vt
983 1788 1168 1852 opinor,
1205 1805 1322 1836 meo.
1394 1791 1510 1836 Sunt

107 1856 232 1902 enim
250 1856 311 1901 ita
329 1855 579 1919 perspicua,
618 1865 689 1912 vt,
724 1851 759 1900 fi
776 1855 873 1919 quis
890 1855 1138 1903 rationibus
1163 1855 1380 1904 subtiliter
1409 1854 1510 1903 red-

111 1919 267 1977 dendis
285 1922 395 1969 velit
422 1920 654 1977 illustrare,
693 1924 734 1968 ei
761 1938 1039 1987 magnopere
1058 1924 1301 1971 verendum
1333 1921 1411 1981 iit,
1451 1940 1509 1970 ne

108 1987 191 2038 fiat
209 1988 272 2047 id,
301 1988 427 2054 quod
446 1989 590 2037 Cicero
608 1992 656 2036 in
673 1992 863 2037 Oratore
883 1991 1011 2048 dicit,
1051 2002 1103 2039 vt
1123 1988 1376 2040 illustrando
1399 1989 1509 2038 fiant

110 2055 306 2105 obscura-
403 2059 527 2104 Nam
546 2068 593 2104 et
611 2073 874 2104 communes
892 2075 1043 2105 rerum
1063 2061 1294 2116 notiones,
1333 2071 1379 2106 et
1407 2057 1508 2107 vsus

110 2126 228 2173 vitae
246 2121 546 2187 quotidianae,
564 2126 623 2171 ita
640 2121 724 2170 effe
743 2124 948 2183 clamant,
968 2129 1241 2190 negantique
1263 2127 1506 2173 vehemen-

108 2200 185 2239 ter
203 2199 473 2254 repugnant.
551 2189 673 2248 Quid
690 2193 808 2239 enim
827 2196 1149 2257 repugnantius
1169 2193 1251 2248 est,
1278 2193 1508 2256 magisque

108 2257 352 2312 absonum,
383 2274 541 2322 quam,
578 2275 691 2322 quae
718 2260 765 2304 in
788 2259 1097 2322 promittendo
1118 2271 1254 2323 atque
1272 2260 1509 2322 largiendo

110 2325 251 2374 libera
279 2323 380 2371 sunt
412 2334 460 2371 et
479 2325 722 2381 arbitraria,
771 2343 822 2372 ea
849 2320 944 2374 noh
970 2327 1143 2374 seruare
1173 2327 1425 2376 libertatem
1458 2330 1508 2375 in

44 2418 49 2421 —
109 2389 359 2456 aecipiendi
377 2392 654 2447 conditione,
695 2409 842 2456 neque
859 2393 1048 2440 liberum
1067 2396 1256 2460 relinqui
1274 2398 1340 2452 ei,
1374 2414 1399 2443 a
1417 2413 1510 2460 quo

110 2458 458 2526 proficiscantur,
477 2459 531 2506 ad
544 2476 673 2524 quos,
692 2459 886 2523 quidque
906 2459 1168 2522 praestantes
1190 2480 1239 2509 ea
1260 2466 1510 2527 peruenire,

113 2539 164 2575 et
181 2527 287 2592 quid
302 2542 387 2590 pro
403 2526 453 2572 iis
471 2525 548 2574 fibi
566 2524 771 2592 praestari
787 2527 924 2574 velit?
959 2533 1107 2585 Quam
1127 2547 1264 2594 porro
1277 2530 1512 2592 indignum

13 2634 16 2636 ,
110 2593 180 2641 ὀᾶ
203 2605 336 2659 atque
373 2595 624 2656 ingratum,
669 2592 997 2651 liberalitatem,
1044 2614 1160 2661 quae
1194 2597 1290 2662 ipso
1327 2602 1513 2646 nomine

117 2661 301 2711 liberam
321 2660 365 2708 se
383 2674 430 2711 et
447 2662 508 2711 sui
526 2663 630 2710 iuris
649 2659 833 2716 indicat,
876 2679 1011 2727 quam
1027 2681 1164 2713 nemo
1181 2667 1276 2713 iure
1292 2664 1515 2732 postulare

806 2733 924 2791 M4
1490 2751 1512 2779 a
