1682 3068
337 207 401 244 ει·
426 197 715 240 sinevims‘
743 207 776 236 1.
804 206 847 237 c.
879 206 942 238 111
966 203 1144 239 coena
1164 204 1332 239 uena
1362 178 1365 180 ’
1440 193 1536 256 163

115 305 302 367 flavent
322 315 421 363 sane
439 305 594 378 graues
611 312 746 362 videri
758 349 769 370 ,
790 325 837 361 et
854 314 1035 377 dignae,
1056 316 1102 363 in
1122 311 1282 381 quibus
1302 312 1535 364 dissoluen-

132 385 202 434 dis
223 383 499 447 laboremus³
541 379 868 430 considerandis
897 384 1041 431 verbis
1058 385 1308 448 scripturae
1328 389 1533 431 etinter·

128 449 466 520 'pretationibus‘
483 449 719 512 diligenter
745 449 797 496 ad
816 467 940 497 veras
970 463 1017 497 et
1046 464 1189 498 certas
1210 449 1532 516 interpretandi

128 521 312 582 tegulas
329 515 578 579 exigendis·
602 538 605 542 ·
643 517 729 564 Sed
758 517 889 564 huius
908 517 1111 583 professo
1133 522 1311 579 generis
1329 532 1422 567 non
1441 517 1531 566 efle

131 587 451 640 dubitationes,
486 586 660 647 quaein
681 585 765 632 hac
783 583 924 633 caussa
944 596 1184 649 mouentur
1204 586 1257 633 ab
1274 582 1529 646 aduersariis

131 654 312 711 nostris,
342 653 414 701 rel
428 651 616 699 infirmis
639 653 928 710 oboriuntur,
956 670 1025 700 res
1044 654 1131 717 ipsa
1150 651 1430 702 demonstrat.
1470 655 1533 703 Et

131 715 284 773 habet?
297 718 498 786 professo
536 718 682 767 nostra
720 722 1033 786 interpretatio
1070 722 1276 768 locorum
1320 723 1531 770 omnium

132 783 426 839 chamaerem
445 788 688 845 facilitatis,
714 789 851 835 altera
870 785 1152 835 difficultatis.
1201 787 1285 835 Sed
1306 786 1459 842 οἱπλὲν
1478 785 1532 838 va

108 855 320 912 νωθές,
339 855 693 922 veritarfimplex
709 866 750 904 et
758 856 907 918 facilis
924 857 1003 923 est,
1038 859 1202 903 erroris
1220 855 1415 904 defensio
1436 868 1531 905 tor-

125 931 241 991 quet
257 923 300 971 se
316 933 363 968 et
382 933 623 984 argutatur.
725 928 849 970 Nam
867 922 898 970 si
919 925 1069 971 omnia
1096 923 1373 988 percenseam,
1416 940 1528 989 quae

34 1000 42 1014 ·’
99 997 286 1040 'eontra
336 980 551 1038 Ecclesiae
596 988 770 1038 nostrae
814 993 1078 1039 sententiam
1122 991 1293 1056 prolata
1335 992 1438 1039 sunt
1475 994 1525 1040 in

125 1061 347 1115 medium,
387 1075 480 1105 non
508 1060 700 1123 reperias
734 1059 991 1107 huiusmodi
1010 1057 1138 1124 quid,
1179 1057 1305 1124 quod
1332 1057 1530 1108 nostram

126 1127 543 1192 interpretationem
562 1143 613 1173 ex
633 1126 708 1172 vsu
730 1128 927 1189 linguae,
958 1136 1193 1183 contextu,
1237 1127 1530 1193 parallelismo

126 1197 226 1243 'vitii
251 1205 407 1256 arguat
415 1215 427 1249 ;
473 1193 545 1240 sed
566 1195 717 1240 omnia
737 1195 839 1242 sunt
858 1193 1139 1252 huiusmodi,
1171 1205 1219 1242 vt
1236 1194 1366 1243 verba
1396 1189 1531 1243 illurn

128 1254 308 1329 ‹juoque
327 1262 453 1308 suum
474 1259 717 1322 figuratum
735 1262 902 1310 sensum
930 1262 1096 1310 habere
1115 1263 1237 1327 poffe
1266 1262 1432 1319 dicant,
1479 1265 1529 1310 in

127 1344 278 1395 eoque
292 1327 504 1388 vdocendo
525 1330 566 1374 se
583 1339 848 1392 torqueant:
881 1334 982 1394 quid
999 1333 1188 1392 impedit,
1220 1348 1303 1395 quo
1324 1332 1530 1397 minus-fic

126 1396 449 1463 fflilligantur?
498 1411 577 1442 non
605 1399 722 1443 video
740 1433 751 1451 ‚
798 1414 927 1461 quare
953 1415 1033 1444 non
1062 1406 1134 1444 cet.
1181 1397 1307 1459 quod
1335 1414 1430 1445 non
1466 1395 1531 1446 est

128 1475 252 1512 'certa
278 1464 450 1510 ratione
472 1463 801 1528 interpretantis
829 1475 874 1511 et
900 1463 1121 1521 docentis,
1162 1464 1233 1510 sed
1260 1463 1530 1521 flustuanfis,

124 1531 443 1585 ethaerentis,
485 1527 598 1586 siue,
633 1541 683 1576 vt
703 1532 850 1579 Cicero
868 1533 944 1589 ait,
980 1533 1187 1596 optantis.
1288 1535 1447 1596 Itaque
1473 1532 1532 1580 ab

123 1598 397 1660 ‘argumentis
417 1613 468 1643 ac
484 1595 832 1646 dubitationibus
845 1635 855 1653 ,
894 1598 1219 1664 pertinentibus
1241 1597 1295 1646 ad
1311 1602 1531 1666 interpre-

126 1666 251 1714 tandi
268 1666 512 1720 rationem,
548 1665 752 1712 celeriter
768 1664 988 1722 resiliunt,
1021 1676 1069 1713 et
1089 1665 1142 1713 ad
1160 1668 1346 1715 alterum
1382 1683 1530 1730 genus

124 1731 351 1782 festinant:
390 1733 517 1779 cuius
537 1731 637 1778 sunt
655 1750 753 1790 eae,
786 1749 900 1799 quae
917 1752 939 1780 a
959 1733 1091 1781 nobis
1109 1734 1261 1782 allatae
1280 1734 1391 1783 sunt.

121 1805 131 1814 ·’
229 1812 302 1864 39.
326 1801 473 1866 ¹Igitur
491 1801 687 1864 primum
711 1811 759 1849 et
778 1804 1000 1866 optimum
1023 1802 1271 1850 remedium
1292 1801 1529 1852 dubitatio—

124 1885 241 1919 num-
265 1865 347 1924 est,
397 1865 815 1917 demonstrationem
854 1871 989 1935 ipsam
1029 1870 1248 1931 dogmatis
1286 1870 1526 1931 diligenter

118 1934 425 1991 emmeram,
472 1935 596 1982 velut
632 1953 749 1993 eam,
801 1954 934 2002 quam
970 1954 1055 1984 nos
1087 1937 1426 2002 proposuimus,
1478 1948 1528 1985 et

125 2013 288 2052 “omnes
309 2005 402 2048 eius
422 2011 570 2066 partes
590 2015 792 2051 accurate
815 2004 1019 2070 expensas
1037 2004 1287 2052 diiudicare.
1366 2009 1473 2053 Eam
1493 2003 1530 2053 fi

123 2077 177 2118 et
195 2067 325 2116 verba
343 2070 668 2133 Scripturarum
686 2070 830 2127 reae,
869 2071 1147 2138 simpliciter,
1178 2090 1229 2120 ex
1247 2073 1324 2120 vsu
1344 2073 1529 2134 linguae

125 2146 178 2186 et
193 2144 406 2192 contextu
423 2137 726 2201 interpretari,
766 2157 791 2185 e
810 2139 957 2187 verbis
978 2138 1100 2188 resse
1129 2141 1378 2204 explicatis,
1418 2141 1529 2201 legi-

127 2207 240 2254 time
256 2203 531 2258 ratiocinari,
573 2210 607 2250 e‘
620 2207 845 2271 principiis
861 2207 965 2254 inde
985 2208 1056 2254 vel
1074 2224 1100 2253 e
1120 2218 1273 2254 natura
1291 2207 1527 2254 communi

125 2276 518 2321 sacramentorum
546 2269 668 2320 reste
702 2278 1000 2334 argumentari
1034 2276 1276 2339 repereris,
1328 2273 1528 2339 denique

126 2342 261 2388 etiam
286 2338 626 2387 consentaneam
653 2339 790 2387 sensui
827 2344 1091 2406 antiquioris
1121 2339 1358 2399 Ecclesiae,
1422 2352 1527 2390 tum

122 2421 234 2456 vero
263 2405 629 2470 acquiescendum
653 2406 737 2455 est:
790 2419 837 2455 et
874 2420 974 2456 tuto
1003 2409 1319 2473 conquiescere
1347 2410 1525 2458 animus

125 2472 297 2542 Potest,
364 2473 474 2519 nihil
526 2489 682 2523 curans
737 2474 1034 2523 dubitationes
1085 2476 1262 2524 aliunde
1296 2481 1525 2543 repetitas.

127 2543 308 2591 Etenim
327 2557 404 2587 eae
423 2540 548 2587 nullo
568 2543 666 2588 iure
682 2542 842 2589 tollere
858 2541 1025 2591 debent
1045 2556 1122 2591 aut
1148 2542 1331 2608 possunt
1359 2541 1525 2610 ᾰσφοί·

130 2617 276 2668 λειω,
320 2619 367 2654 et
394 2606 646 2656 firmitatem
679 2607 924 2657 assensionis
951 2627 977 2657 e
997 2610 1395 2672 demonstratione3
1463 2627 1524 2658 ne

130 2678 339 2727 minuunt
372 2673 575 2743 quidemz
617 2676 749 2748 idque
768 2678 866 2727 vsus
890 2679 936 2724 in
963 2671 1099 2728 rebus
1129 2681 1219 2728 aliis
1241 2677 1523 2734 demonstrat,

131 2771 137 2776 ·
841 2747 880 2793 L
908 2762 937 2795 2
1414 2761 1523 2813 quas
