1682 3068
70 162 102 197 fi
130 170 399 203 ruerunt.
431 158 680 199 Mz‘ssuu.
715 168 776 196 nt
812 165 957 196 nect.
993 165 1337 198 euulsa-uma
1366 152 1467 215 467

45 288 178 334 xum,
199 292 395 341 quorum
414 270 577 322 modus
593 272 954 338 interpretandie
972 274 1165 338 reliquiis
1185 270 1466 338 quibusdam,

2 356 5 358 ’
62 355 114 394 vt
131 345 246 392 illius
262 346 308 391 in
330 342 508 397 Catenis,
540 340 674 387 huius
694 358 763 405 ap.
784 343 1050 390 Monachium
1068 345 1115 389 in
1147 342 1250 390 Var.
1269 341 1386 404 fiter-
1414 342 1465 389 Ίῖ

62 417 104 462 I.
137 410 220 472 (est
245 425 445 475 prooem.
469 409 516 453 in
534 408 748 471 Psalmos)
778 408 990 468 cognosci
1015 406 1174 474 potest.
1242 412 1299 456 Et
1327 407 1389 455 est
1414 410 1466 457 in

63 483 116 528 iis
147 475 379 540 interdum
409 474 574 539 aliquid
606 474 715 523 boni
744 473 916 535 iudicii3
961 476 1032 522 sed
1063 478 1202 538 magis
1231 478 1463 538 magisque

57 546 424 607 etr-'allegoricam
454 543 808 609 illamssOrigenis
827 541 1094 607 disciplinam
1111 542 1214 609 lapsi
1232 544 1347 600 sunt,
1376 541 1464 592 stu·

59 608 144 661 diis
180 609 406 659 desti-inae
436 613 574 671 magis
603 613 833 675 magisque
860 609 1132 665 labentibus,
1175 623 1222 658 et
1251 610 1460 660 omnibus

14 711 17 715 ·
59 699 91 728 e
107 679 446 729 Commentariis
464 678 739 743 superiorum
759 676 1069 743 pendentibus,
1104 696 1130 724 e
1148 678 1309 742 quibus
1331 680 1464 727 maxi·

60 746 449 812 me'sequebantur
467 762 558 804 eos,
579 748 655 811 qui
674 745 727 793 ad
746 746 964 793 rationem
985 744 1285 807 dogmaticam
1304 759 1465 794 etcon-

58 817 353 864 cionatoriam
391 813 591 877 aptIffi'mi
621 811 771 861 effent.
844 816 998 877 Itaque
1025 814 1203 875 longius
1232 832 1325 862 non
1358 831 1464 878 pro·

63 883 335 947 grediemm,
365 898 422 928 ne
453 883 587 928 nimis
615 880 832 928 excrescat
859 882 1059 928 narratio.
1129 885 1179 927 In
1199 881 1386 929 Ecclesia
1406 884 1467 930 la<

60 953 157 1000 tina
176 952 478 1014 'reperiuntur
504 946 679 1011 vestigia
714 949 1016 996 reuiuiscentis
1042 947 1171 995 studii
1195 950 1468 1014 prophetici,

59 1034 142 1084 per
166 1028 372 1083 tempora
401 1016 698 1079 carolingica,
728 1016 1015 1064 incitantibus
1045 1013 1296 1064 Dostorum
1326 1016 1463 1065 studia

60 1085 247 1142 Iudaeis,
283 1086 422 1150 quiin
442 1082 765 1149 Hispaniam'et
786 1084 973 1131 Galliam
996 1081 1214 1149 copiosius
1234 1082 1374 1132 infufi.
1411 1095 1460 1132 et

61 1170 152 1219 per.
161 1154 313 1215 copias
333 1169 359 1197 e
386 1164 645 1209 mercatura,
678 1154 903 1216 potentiae
925 1161 972 1198 et
991 1154 1155 1212 gratiae
1171 1153 1285 1216 plus,
1322 1169 1460 1218 quam

60 1222 158 1270 satis
184 1218 301 1276 effet,
335 1221 467 1266 etiam
497 1221 543 1266 in
574 1221 682 1266 aulis
710 1223 884 1280 Regum
911 1216 1050 1276 uasti,
1083 1230 1131 1266 vt
1156 1235 1208 1266 ex
1234 1221 1460 1285 Agobardz‘

59 1289 336 1351 aliorumque
354 1286 522 1350 scriptis
543 1297 590 1332 et
606 1288 797 1350 querelis
819 1285 1034 1342 discimus,
1053 1287 1289 1334 insolenter
1306 1285 1463 1336 doac-

60 1355 185 1403 ribus
203 1353 429 1401 Ecclefiae
456 1353 711 1401 illudebant.
785 1357 908 1401 Nam
943 1365 990 1400 et
1027 1352 1251 1402 hebraioes
1291 1354 1462 1404 litteras

65 1422 247 1488 quidam
273 1421 439 1468 discere
467 1418 762 1478 instituerunt,
797 1437 881 1487 pro
901 1419 1038 1468 modo
1057 1421 1289 1476 facultatis,
1324 1438 1462 1487 quam

61 1488 241 1556 quidam
271 1487 436 1544 Iudaei,
471 1491 548 1552 qui
579 1487 808 1536 Christiani
836 1486 937 1536 fasti
966 1486 1124 1545 effent,
1159 1488 1341 1544 dabant,
1382 1500 1462 1538 aut

59 1575 140 1604 eos
166 1556 455 1604 consulebant
484 1556 614 1619 super
644 1567 765 1603 textu
791 1554 1021 1615 hebraico,
1061 1556 1182 1622 quod
1209 1559 1461 1606 Rhabanum

60 1628 267 1674 Maurum
301 1622 448 1671 feeiss‘e
475 1624 632 1671 scimus
651 1621 722 1682 ⁶),
757 1635 807 1671 vt
841 1641 1043 1689 pugnare
1082 1635 1240 1672 contra
1268 1625 1459 1672 Iudaeos

58 1689 256 1760 poss'ent3
309 1694 356 1738 in
386 1707 478 1756 quo
507 1691 683 1738 seientia
713 1703 760 1738 et
794 1694 1104 1755 interpretatio
1145 1692 1461 1758 scripturarum

46 1759 421 1826 ‘propheticarum
452 1756 680 1806 necessaria
710 1769 815 1806 erat.
883 1758 969 1806 Sed
995 1776 1045 1806 ea
1075 1775 1145 1806 res
1172 1763 1288 1807 intra
1314 1777 1459 1822 angu-

60 1825 148 1874 stos
165 1825 279 1873 fines
302 1823 511 1881 constitit,
539 1837 588 1874 et
607 1829 681 1890 qui
699 1837 812 1882 tum,
847 1825 1220 1893 sequentibusque
1238 1829 1474 1894 tempori·.

58 1893 162 1948 bus,
194 1895 333 1940 exorti
353 1893 450 1939 sunt
474 1895 519 1938 in
539 1896 784 1958 Prophetas
814 1897 1147 1952 Commentarii,
1176 1898 1316 1958 magis
1338 1915 1363 1942 e
1384 1912 1459 1943 ve-

58 1959 232 2008 teribus
251 1960 414 2006 Latinis
434 1957 621 2016 colleffl,
646 1977 775 2023 quarn
804 1959 990 2008 austeris
1020 1963 1158 2009 modo
1178 1975 1224 2010 et
1241 1975 1335 2010 arte
1357 1963 1460 2010 scri·

60 2029 134 2093 pti
167 2026 277 2073 sunt.
343 2028 497 2089 Itaque
521 2024 596 2073 ista
621 2036 827 2091 tempora
852 2038 1026 2075 tantum
1053 2030 1308 2090 attingenda
1330 2040 1456 2094 puta-

60 2097 233 2145 vimus„
285 2095 392 2139 Nec
409 2092 745 2141 immorabimur
772 2096 837 2150 iis,
868 2111 950 2159 per
978 2112 1091 2158 quos
1123 2114 1280 2144 aurora
1310 2098 1458 2144 litera·

59 2172 165 2210 rum
195 2158 496 2207 hebraicarum
525 2170 573 2208 et
601 2162 793 2209 melioris
814 2163 1190 2227 interpretationis
1212 2176 1361 2212 exorta
1380 2163 1457 2220 est,

59 2239 110 2277 vt
131 2245 215 2292 per
232 2229 462 2276 Liranum:
491 2227 544 2275 ad
567 2229 640 2277 illa
660 2230 747 2293 ipsa
766 2227 890 2277 beata
916 2242 1137 2294 tempora,
1169 2248 1278 2296 quae
1299 2230 1458 2279 instau-

58 2299 280 2344 rationem
308 2311 439 2340 verae
468 2296 846 2361 interpretationis
872 2297 1052 2344 biblicae
1080 2311 1214 2362 atque
1231 2297 1456 2346 doetrinae

59 2362 270 2420 habuere,
303 2362 359 2409 ad
375 2363 569 2411 seculum
589 2367 778 2422 Lutheri‚
798 2366 859 2412 ita
878 2365 1152 2430 appellemus
1171 2367 1288 2424 licet,
1306 2365 1458 2415 tranfi-

36 2430 217 2479 ‘bimus

731 2498 818 2559 Gg
852 2515 879 2546 2
1390 2503 1451 2550 Et

117 2627 218 2703 ἦν.
240 2647 395 2689 Comm.
426 2646 510 2687 eius
528 2646 571 2687 in
591 2645 712 2688 libros
728 2648 882 2703 Regum
898 2645 1020 2701 praef.
1047 2660 1088 2692 et
1109 2650 1348 2695 Marcianaei
1365 2655 1456 2695 Pro·

100 2702 315 2759 ·³³;³'leg‹'›m.
339 2703 389 2749 ad
407 2705 571 2746 Hieron.
590 2704 773 2749 Biblioth.
808 2705 885 2746 diu.
906 2709 971 2756 111,
994 2709 1033 2751 6.
