<?xml version="1.0" encoding="UTF-8"?>
<!DOCTYPE html PUBLIC "-//W3C//DTD XHTML 1.0 Transitional//EN"
    "http://www.w3.org/TR/xhtml1/DTD/xhtml1-transitional.dtd">
<html xmlns="http://www.w3.org/1999/xhtml" xml:lang="en" lang="en">
 <head>
  <title>
</title>
<meta http-equiv="Content-Type" content="text/html;charset=utf-8" />
  <meta name='ocr-system' content='tesseract 3.04.00' />
  <meta name='ocr-capabilities' content='ocr_page ocr_carea ocr_par ocr_line ocrx_word'/>
</head>
<body>
  <div class='ocr_page' id='page_1' title='image "./opusculatheologi00erneuoft_0253.png"; bbox 0 0 1682 3068; ppageno 0'>
   <div class='ocr_carea' id='block_1_1' title="bbox 430 121 1570 183">
    <p class='ocr_par' dir='ltr' id='par_1_1' title="bbox 430 121 1570 183">
     <span class='ocr_line' id='line_1_1' title="bbox 430 121 1570 183; baseline -0.006 -11"><span class='ocrx_word' id='word_1_1' title='bbox 430 134 489 178; x_wconf 61' lang='lat' dir='ltr'>xiv</span> <span class='ocrx_word' id='word_1_2' title='bbox 518 121 837 181; x_wconf 54' lang='lat' dir='ltr'>jammona</span> <span class='ocrx_word' id='word_1_3' title='bbox 889 131 1305 183; x_wconf 59' lang='lat' dir='ltr'>consa-nimaina</span> <span class='ocrx_word' id='word_1_4' title='bbox 1476 128 1570 177; x_wconf 85' lang='lat'>231</span> 
     </span>
    </p>
   </div>
   <div class='ocr_carea' id='block_1_2' title="bbox 152 237 1571 310">
    <p class='ocr_par' dir='ltr' id='par_1_2' title="bbox 152 237 1571 310">
     <span class='ocr_line' id='line_1_2' title="bbox 152 237 1571 310; baseline -0.011 -12"><span class='ocrx_word' id='word_1_5' title='bbox 152 249 258 310; x_wconf 56' lang='lat' dir='ltr'>,hoc</span> <span class='ocrx_word' id='word_1_6' title='bbox 292 249 396 303; x_wconf 84' lang='lat' dir='ltr'>loco</span> <span class='ocrx_word' id='word_1_7' title='bbox 420 246 788 303; x_wconf 68' lang='lat' dir='ltr'>commemorari:</span> <span class='ocrx_word' id='word_1_8' title='bbox 828 253 875 292; x_wconf 86' lang='lat' dir='ltr'>et</span> <span class='ocrx_word' id='word_1_9' title='bbox 905 243 1087 309; x_wconf 79' lang='lat' dir='ltr'>possunt</span> <span class='ocrx_word' id='word_1_10' title='bbox 1115 260 1142 289; x_wconf 93' lang='lat' dir='ltr'>e</span> <span class='ocrx_word' id='word_1_11' title='bbox 1170 241 1332 291; x_wconf 82' lang='lat' dir='ltr'>libellis</span> <span class='ocrx_word' id='word_1_12' title='bbox 1350 237 1571 304; x_wconf 84' lang='lat' dir='ltr'>plurimis,</span> 
     </span>
    </p>
   </div>
   <div class='ocr_carea' id='block_1_3' title="bbox 39 304 1572 378">
    <p class='ocr_par' dir='ltr' id='par_1_3' title="bbox 39 304 1572 378">
     <span class='ocr_line' id='line_1_3' title="bbox 39 304 1572 378; baseline -0.01 -12"><span class='ocrx_word' id='word_1_13' title='bbox 39 328 46 344; x_wconf 61' lang='lat'><em>³</em></span> <span class='ocrx_word' id='word_1_14' title='bbox 104 356 110 359; x_wconf 82' lang='lat'><em>.</em></span> <span class='ocrx_word' id='word_1_15' title='bbox 144 318 304 378; x_wconf 66' lang='lat' dir='ltr'>‚vulgo</span> <span class='ocrx_word' id='word_1_16' title='bbox 324 315 494 370; x_wconf 65' lang='lat' dir='ltr'>obuiis,</span> <span class='ocrx_word' id='word_1_17' title='bbox 506 312 745 374; x_wconf 63' lang='lat' dir='ltr'>cognosci.</span> <span class='ocrx_word' id='word_1_18' title='bbox 843 316 915 359; x_wconf 88' lang='lat' dir='ltr'>De</span> <span class='ocrx_word' id='word_1_19' title='bbox 934 314 1108 374; x_wconf 86' lang='lat' dir='ltr'>origine</span> <span class='ocrx_word' id='word_1_20' title='bbox 1127 311 1222 358; x_wconf 89' lang='lat' dir='ltr'>eius</span> <span class='ocrx_word' id='word_1_21' title='bbox 1242 305 1404 374; x_wconf 82' lang='lat' dir='ltr'>aliquid</span> <span class='ocrx_word' id='word_1_22' title='bbox 1423 304 1572 358; x_wconf 86' lang='lat' dir='ltr'>admo·</span> 
     </span>
    </p>
   </div>
   <div class='ocr_carea' id='block_1_4' title="bbox 106 375 1572 2403">
    <p class='ocr_par' dir='ltr' id='par_1_4' title="bbox 106 375 1572 2403">
     <span class='ocr_line' id='line_1_4' title="bbox 163 375 1572 444; baseline -0.009 -12"><span class='ocrx_word' id='word_1_23' title='bbox 163 402 276 432; x_wconf 86' lang='lat' dir='ltr'>nere</span> <span class='ocrx_word' id='word_1_24' title='bbox 293 383 390 430; x_wconf 83' lang='lat' dir='ltr'>satis</span> <span class='ocrx_word' id='word_1_25' title='bbox 407 375 644 440; x_wconf 65' lang='lat' dir='ltr'>habemus:</span> <span class='ocrx_word' id='word_1_26' title='bbox 679 378 804 444; x_wconf 88' lang='lat' dir='ltr'>quod</span> <span class='ocrx_word' id='word_1_27' title='bbox 821 380 915 427; x_wconf 88' lang='lat' dir='ltr'>aliis</span> <span class='ocrx_word' id='word_1_28' title='bbox 935 378 1184 440; x_wconf 80' lang='lat' dir='ltr'>cogitandi,</span> <span class='ocrx_word' id='word_1_29' title='bbox 1217 390 1263 425; x_wconf 88' lang='lat' dir='ltr'>et</span> <span class='ocrx_word' id='word_1_30' title='bbox 1282 393 1380 424; x_wconf 88' lang='lat' dir='ltr'>rem</span> <span class='ocrx_word' id='word_1_31' title='bbox 1398 390 1572 422; x_wconf 84' lang='lat' dir='ltr'>accura-</span> 
     </span>
     <span class='ocr_line' id='line_1_5' title="bbox 151 443 1570 516; baseline -0.006 -19"><span class='ocrx_word' id='word_1_32' title='bbox 151 455 256 500; x_wconf 82' lang='lat' dir='ltr'>tius</span> <span class='ocrx_word' id='word_1_33' title='bbox 276 448 588 516; x_wconf 81' lang='lat' dir='ltr'>copiofiusque</span> <span class='ocrx_word' id='word_1_34' title='bbox 614 445 862 512; x_wconf 82' lang='lat' dir='ltr'>explicandi</span> <span class='ocrx_word' id='word_1_35' title='bbox 890 445 1168 498; x_wconf 68' lang='lat' dir='ltr'>occasionem</span> <span class='ocrx_word' id='word_1_36' title='bbox 1196 443 1419 510; x_wconf 75' lang='lat' dir='ltr'>praebeat.</span> <span class='ocrx_word' id='word_1_37' title='bbox 1493 444 1570 489; x_wconf 87' lang='lat' dir='ltr'>Et-</span> 
     </span>
     <span class='ocr_line' id='line_1_6' title="bbox 165 509 1570 581; baseline -0.006 -15"><span class='ocrx_word' id='word_1_38' title='bbox 165 522 312 574; x_wconf 83' lang='lat' dir='ltr'><strong>enim,</strong></span> <span class='ocrx_word' id='word_1_39' title='bbox 352 535 463 581; x_wconf 86' lang='lat' dir='ltr'>quae</span> <span class='ocrx_word' id='word_1_40' title='bbox 484 517 539 563; x_wconf 89' lang='lat' dir='ltr'>de</span> <span class='ocrx_word' id='word_1_41' title='bbox 555 532 674 571; x_wconf 73' lang='lat' dir='ltr'>care</span> <span class='ocrx_word' id='word_1_42' title='bbox 693 515 766 563; x_wconf 87' lang='lat' dir='ltr'>vel</span> <span class='ocrx_word' id='word_1_43' title='bbox 784 514 961 571; x_wconf 87' lang='lat' dir='ltr'>Iudaei,</span> <span class='ocrx_word' id='word_1_44' title='bbox 1004 515 1215 562; x_wconf 83' lang='lat' dir='ltr'>omnibus</span> <span class='ocrx_word' id='word_1_45' title='bbox 1242 510 1451 560; x_wconf 78' lang='lat' dir='ltr'>institutis</span> <span class='ocrx_word' id='word_1_46' title='bbox 1480 509 1570 557; x_wconf 78' lang='lat' dir='ltr'>suis</span> 
     </span>
     <span class='ocr_line' id='line_1_7' title="bbox 162 577 1571 650; baseline -0.008 -15"><span class='ocrx_word' id='word_1_47' title='bbox 162 587 478 650; x_wconf 72' lang='lat' dir='ltr'>antiquitatem</span> <span class='ocrx_word' id='word_1_48' title='bbox 504 585 740 635; x_wconf 83' lang='lat' dir='ltr'>maximam</span> <span class='ocrx_word' id='word_1_49' title='bbox 760 582 958 630; x_wconf 85' lang='lat' dir='ltr'>adserere</span> <span class='ocrx_word' id='word_1_50' title='bbox 975 584 1234 646; x_wconf 85' lang='lat' dir='ltr'>cupientes,</span> <span class='ocrx_word' id='word_1_51' title='bbox 1277 577 1571 634; x_wconf 80' lang='lat' dir='ltr'>tradiderunt,</span> 
     </span>
     <span class='ocr_line' id='line_1_8' title="bbox 162 643 1570 716; baseline -0.006 -14"><span class='ocrx_word' id='word_1_52' title='bbox 162 656 236 704; x_wconf 83' lang='lat' dir='ltr'>vel</span> <span class='ocrx_word' id='word_1_53' title='bbox 253 653 540 714; x_wconf 63' lang='lat' dir='ltr'>Damius-(de</span> <span class='ocrx_word' id='word_1_54' title='bbox 560 652 710 716; x_wconf 81' lang='lat' dir='ltr'>Antiq.</span> <span class='ocrx_word' id='word_1_55' title='bbox 732 651 926 716; x_wconf 52' lang='lat' dir='ltr'>baptismi</span> <span class='ocrx_word' id='word_1_56' title='bbox 945 651 1198 709; x_wconf 59' lang='lat' dir='ltr'>[uitiationis</span> <span class='ocrx_word' id='word_1_57' title='bbox 1215 650 1384 712; x_wconf 79' lang='lat' dir='ltr'>Istael.)</span> <span class='ocrx_word' id='word_1_58' title='bbox 1409 643 1570 703; x_wconf 78' lang='lat' dir='ltr'>statuit,</span> 
     </span>
     <span class='ocr_line' id='line_1_9' title="bbox 165 712 1567 786; baseline -0.007 -15"><span class='ocrx_word' id='word_1_59' title='bbox 165 739 220 771; x_wconf 77' lang='lat' dir='ltr'>ca</span> <span class='ocrx_word' id='word_1_60' title='bbox 235 712 537 786; x_wconf 54' lang='lat' dir='ltr'>mihi‘semper.</span> <span class='ocrx_word' id='word_1_61' title='bbox 545 718 871 767; x_wconf 79' lang='lat' dir='ltr'>contortiffima</span> <span class='ocrx_word' id='word_1_62' title='bbox 880 719 967 766; x_wconf 84' lang='lat' dir='ltr'>visa</span> <span class='ocrx_word' id='word_1_63' title='bbox 986 719 1097 774; x_wconf 86' lang='lat' dir='ltr'>sunt,</span> <span class='ocrx_word' id='word_1_64' title='bbox 1120 720 1219 764; x_wconf 84' lang='lat' dir='ltr'>nixa</span> <span class='ocrx_word' id='word_1_65' title='bbox 1237 718 1403 764; x_wconf 82' lang='lat' dir='ltr'>lauandi</span> <span class='ocrx_word' id='word_1_66' title='bbox 1416 712 1567 770; x_wconf 84' lang='lat' dir='ltr'>verbo,</span> 
     </span>
     <span class='ocr_line' id='line_1_10' title="bbox 143 779 1567 853; baseline -0.007 -15"><span class='ocrx_word' id='word_1_67' title='bbox 143 786 483 852; x_wconf 54' lang='lat' dir='ltr'>:fimilibusqum</span> <span class='ocrx_word' id='word_1_68' title='bbox 524 805 551 833; x_wconf 89' lang='lat' dir='ltr'>e</span> <span class='ocrx_word' id='word_1_69' title='bbox 570 786 733 853; x_wconf 87' lang='lat' dir='ltr'>quibus</span> <span class='ocrx_word' id='word_1_70' title='bbox 753 788 838 834; x_wconf 86' lang='lat' dir='ltr'>tale</span> <span class='ocrx_word' id='word_1_71' title='bbox 858 786 969 853; x_wconf 90' lang='lat' dir='ltr'>quid</span> <span class='ocrx_word' id='word_1_72' title='bbox 996 787 1195 833; x_wconf 86' lang='lat' dir='ltr'>deriuare</span> <span class='ocrx_word' id='word_1_73' title='bbox 1218 800 1315 830; x_wconf 89' lang='lat' dir='ltr'>non</span> <span class='ocrx_word' id='word_1_74' title='bbox 1336 779 1399 830; x_wconf 90' lang='lat' dir='ltr'>est</span> <span class='ocrx_word' id='word_1_75' title='bbox 1428 784 1567 829; x_wconf 86' lang='lat' dir='ltr'>inter·</span> 
     </span>
     <span class='ocr_line' id='line_1_11' title="bbox 143 848 1568 923; baseline -0.004 -20"><span class='ocrx_word' id='word_1_76' title='bbox 143 856 327 923; x_wconf 45' lang='lat' dir='ltr'>,pretim</span> <span class='ocrx_word' id='word_1_77' title='bbox 355 855 479 919; x_wconf 93' lang='lat' dir='ltr'>quod</span> <span class='ocrx_word' id='word_1_78' title='bbox 498 857 544 902; x_wconf 86' lang='lat' dir='ltr'>in</span> <span class='ocrx_word' id='word_1_79' title='bbox 564 854 709 911; x_wconf 80' lang='lat' dir='ltr'>verbis</span> <span class='ocrx_word' id='word_1_80' title='bbox 730 853 861 910; x_wconf 89' lang='lat' dir='ltr'>inest,</span> <span class='ocrx_word' id='word_1_81' title='bbox 895 854 1194 916; x_wconf 70' lang='lat' dir='ltr'><strong>agnoscentis,</strong></span> <span class='ocrx_word' id='word_1_82' title='bbox 1234 850 1329 907; x_wconf 91' lang='lat' dir='ltr'>sed,</span> <span class='ocrx_word' id='word_1_83' title='bbox 1363 848 1485 913; x_wconf 89' lang='lat' dir='ltr'>quod</span> <span class='ocrx_word' id='word_1_84' title='bbox 1502 851 1568 897; x_wconf 87' lang='lat' dir='ltr'>in·</span> 
     </span>
     <span class='ocr_line' id='line_1_12' title="bbox 161 914 1570 988; baseline -0.006 -18"><span class='ocrx_word' id='word_1_85' title='bbox 161 921 246 970; x_wconf 83' lang='lat' dir='ltr'>effe</span> <span class='ocrx_word' id='word_1_86' title='bbox 266 923 394 979; x_wconf 83' lang='lat' dir='ltr'>velit,</span> <span class='ocrx_word' id='word_1_87' title='bbox 438 925 685 988; x_wconf 84' lang='lat' dir='ltr'>exprimere</span> <span class='ocrx_word' id='word_1_88' title='bbox 706 940 788 987; x_wconf 90' lang='lat' dir='ltr'>per</span> <span class='ocrx_word' id='word_1_89' title='bbox 816 925 907 970; x_wconf 89' lang='lat' dir='ltr'>vim</span> <span class='ocrx_word' id='word_1_90' title='bbox 941 924 1169 971; x_wconf 82' lang='lat' dir='ltr'>conantis:</span> <span class='ocrx_word' id='word_1_91' title='bbox 1218 916 1471 966; x_wconf 86' lang='lat' dir='ltr'>cuiusmodi</span> <span class='ocrx_word' id='word_1_92' title='bbox 1505 914 1570 964; x_wconf 86' lang='lat' dir='ltr'>est</span> 
     </span>
     <span class='ocr_line' id='line_1_13' title="bbox 142 984 1568 1052; baseline -0.009 -9"><span class='ocrx_word' id='word_1_93' title='bbox 142 994 297 1051; x_wconf 23' lang='lat' dir='ltr'>‘etiam</span> <span class='ocrx_word' id='word_1_94' title='bbox 324 989 380 1036; x_wconf 91' lang='lat' dir='ltr'>de</span> <span class='ocrx_word' id='word_1_95' title='bbox 414 992 552 1038; x_wconf 86' lang='lat' dir='ltr'>latino</span> <span class='ocrx_word' id='word_1_96' title='bbox 580 990 716 1039; x_wconf 88' lang='lat' dir='ltr'>verbo</span> <span class='ocrx_word' id='word_1_97' title='bbox 749 990 948 1038; x_wconf 88' lang='lat' dir='ltr'>eiusdem</span> <span class='ocrx_word' id='word_1_98' title='bbox 976 993 1149 1039; x_wconf 74' lang='lat' dir='ltr'>Danzii</span> <span class='ocrx_word' id='word_1_99' title='bbox 1184 985 1353 1052; x_wconf 89' lang='lat' dir='ltr'>oppido</span> <span class='ocrx_word' id='word_1_100' title='bbox 1388 984 1568 1032; x_wconf 87' lang='lat' dir='ltr'>ridicula</span> 
     </span>
     <span class='ocr_line' id='line_1_14' title="bbox 158 1051 1565 1123; baseline -0.011 -9"><span class='ocrx_word' id='word_1_101' title='bbox 158 1061 235 1123; x_wconf 56' lang='grc' dir='ltr'>(ᾗ.</span> <span class='ocrx_word' id='word_1_102' title='bbox 255 1065 359 1120; x_wconf 84' lang='lat'>58.)</span> <span class='ocrx_word' id='word_1_103' title='bbox 391 1058 628 1116; x_wconf 88' lang='lat' dir='ltr'>sententia,</span> <span class='ocrx_word' id='word_1_104' title='bbox 670 1076 777 1107; x_wconf 90' lang='lat' dir='ltr'>cum</span> <span class='ocrx_word' id='word_1_105' title='bbox 806 1061 854 1106; x_wconf 91' lang='lat' dir='ltr'>in</span> <span class='ocrx_word' id='word_1_106' title='bbox 880 1056 1027 1106; x_wconf 82' lang='lat' dir='ltr'>verbis</span> <span class='ocrx_word' id='word_1_107' title='bbox 1051 1059 1183 1107; x_wconf 74' lang='lat' dir='ltr'>Taciti</span> <span class='ocrx_word' id='word_1_108' title='bbox 1211 1055 1266 1102; x_wconf 88' lang='lat' dir='ltr'>de</span> <span class='ocrx_word' id='word_1_109' title='bbox 1296 1051 1565 1101; x_wconf 87' lang='lat' dir='ltr'>Iudaeorum</span> 
     </span>
     <span class='ocr_line' id='line_1_15' title="bbox 131 1120 1564 1192; baseline -0.006 -18"><span class='ocrx_word' id='word_1_110' title='bbox 131 1169 149 1191; x_wconf 85' lang='lat'>.·</span> <span class='ocrx_word' id='word_1_111' title='bbox 157 1126 418 1192; x_wconf 80' lang='lat' dir='ltr'>proselytis,</span> <span class='ocrx_word' id='word_1_112' title='bbox 458 1128 552 1189; x_wconf 69' lang='lat' dir='ltr'>(H</span> <span class='ocrx_word' id='word_1_113' title='bbox 585 1124 640 1181; x_wconf 90' lang='lat' dir='ltr'>V,</span> <span class='ocrx_word' id='word_1_114' title='bbox 669 1130 735 1186; x_wconf 82' lang='lat'>5.)</span> <span class='ocrx_word' id='word_1_115' title='bbox 777 1145 850 1175; x_wconf 83' lang='lat' dir='ltr'>nec</span> <span class='ocrx_word' id='word_1_116' title='bbox 878 1131 1105 1192; x_wconf 60' lang='lat' dir='ltr'>quitquam¹</span> <span class='ocrx_word' id='word_1_117' title='bbox 1124 1127 1252 1188; x_wconf 81' lang='lat' dir='ltr'>prius</span> <span class='ocrx_word' id='word_1_118' title='bbox 1288 1120 1564 1176; x_wconf 82' lang='lat' dir='ltr'>imbuuntur,</span> 
     </span>
     <span class='ocr_line' id='line_1_16' title="bbox 139 1186 1567 1259; baseline -0.006 -17"><span class='ocrx_word' id='word_1_119' title='bbox 139 1213 285 1259; x_wconf 37' lang='lat' dir='ltr'>..quam</span> <span class='ocrx_word' id='word_1_120' title='bbox 307 1204 560 1249; x_wconf 74' lang='lat' dir='ltr'><em>contemnere</em></span> <span class='ocrx_word' id='word_1_121' title='bbox 582 1196 700 1244; x_wconf 79' lang='lat' dir='ltr'>Deos</span> <span class='ocrx_word' id='word_1_122' title='bbox 715 1203 788 1243; x_wconf 84' lang='lat' dir='ltr'>cet.</span> <span class='ocrx_word' id='word_1_123' title='bbox 807 1199 969 1243; x_wconf 76' lang='lat' dir='ltr'>euidens</span> <span class='ocrx_word' id='word_1_124' title='bbox 989 1191 1097 1251; x_wconf 77' lang='lat' dir='ltr'>effe,</span> <span class='ocrx_word' id='word_1_125' title='bbox 1139 1209 1243 1240; x_wconf 89' lang='lat' dir='ltr'>cum</span> <span class='ocrx_word' id='word_1_126' title='bbox 1262 1206 1423 1252; x_wconf 87' lang='lat' dir='ltr'>magna</span> <span class='ocrx_word' id='word_1_127' title='bbox 1455 1186 1567 1234; x_wconf 84' lang='lat' dir='ltr'>fidu-</span> 
     </span>
     <span class='ocr_line' id='line_1_17' title="bbox 160 1258 1567 1328; baseline -0.004 -20"><span class='ocrx_word' id='word_1_128' title='bbox 160 1264 231 1308; x_wconf 85' lang='lat' dir='ltr'>cia</span> <span class='ocrx_word' id='word_1_129' title='bbox 249 1258 459 1317; x_wconf 79' lang='lat' dir='ltr'>affirmat,</span> <span class='ocrx_word' id='word_1_130' title='bbox 491 1265 666 1328; x_wconf 75' lang='lat' dir='ltr'>(nisime</span> <span class='ocrx_word' id='word_1_131' title='bbox 685 1266 821 1310; x_wconf 84' lang='lat' dir='ltr'>omnia</span> <span class='ocrx_word' id='word_1_132' title='bbox 833 1264 1022 1326; x_wconf 84' lang='lat' dir='ltr'>fallunt,</span> <span class='ocrx_word' id='word_1_133' title='bbox 1056 1262 1252 1324; x_wconf 80' lang='lat' dir='ltr'>inquit,)</span> <span class='ocrx_word' id='word_1_134' title='bbox 1282 1261 1399 1320; x_wconf 82' lang='lat' dir='ltr'><em>bapti</em></span> <span class='ocrx_word' id='word_1_135' title='bbox 1417 1260 1473 1303; x_wconf 82' lang='lat' dir='ltr'>mi</span> <span class='ocrx_word' id='word_1_136' title='bbox 1497 1258 1567 1302; x_wconf 84' lang='lat' dir='ltr'>Iu-</span> 
     </span>
     <span class='ocr_line' id='line_1_18' title="bbox 144 1323 1567 1393; baseline -0.004 -17"><span class='ocrx_word' id='word_1_137' title='bbox 144 1333 267 1389; x_wconf 64' lang='lat' dir='ltr'>daici</span> <span class='ocrx_word' id='word_1_138' title='bbox 286 1329 582 1393; x_wconf 50' lang='lat' dir='ltr'>testimonium,</span> <span class='ocrx_word' id='word_1_139' title='bbox 615 1329 756 1376; x_wconf 85' lang='lat' dir='ltr'>fretus</span> <span class='ocrx_word' id='word_1_140' title='bbox 775 1329 917 1376; x_wconf 87' lang='lat' dir='ltr'>verbo</span> <span class='ocrx_word' id='word_1_141' title='bbox 936 1332 1165 1377; x_wconf 76' lang='lat' dir='ltr'>imbuendi:</span> <span class='ocrx_word' id='word_1_142' title='bbox 1212 1328 1260 1372; x_wconf 89' lang='lat' dir='ltr'>in</span> <span class='ocrx_word' id='word_1_143' title='bbox 1281 1341 1373 1390; x_wconf 90' lang='lat' dir='ltr'>quo</span> <span class='ocrx_word' id='word_1_144' title='bbox 1391 1323 1567 1371; x_wconf 88' lang='lat' dir='ltr'>nullam</span> 
     </span>
     <span class='ocr_line' id='line_1_19' title="bbox 161 1391 1565 1460; baseline -0.004 -18"><span class='ocrx_word' id='word_1_145' title='bbox 161 1397 301 1443; x_wconf 85' lang='lat' dir='ltr'>talem</span> <span class='ocrx_word' id='word_1_146' title='bbox 320 1398 384 1444; x_wconf 89' lang='lat' dir='ltr'>vel</span> <span class='ocrx_word' id='word_1_147' title='bbox 406 1392 663 1444; x_wconf 80' lang='lat' dir='ltr'>leuiffimam</span> <span class='ocrx_word' id='word_1_148' title='bbox 682 1395 978 1460; x_wconf 81' lang='lat' dir='ltr'>suspicionem</span> <span class='ocrx_word' id='word_1_149' title='bbox 997 1396 1152 1450; x_wconf 87' lang='lat' dir='ltr'>locum</span> <span class='ocrx_word' id='word_1_150' title='bbox 1170 1391 1356 1450; x_wconf 90' lang='lat' dir='ltr'>habere,</span> <span class='ocrx_word' id='word_1_151' title='bbox 1385 1392 1458 1438; x_wconf 89' lang='lat' dir='ltr'>vel</span> <span class='ocrx_word' id='word_1_152' title='bbox 1477 1392 1565 1438; x_wconf 89' lang='lat' dir='ltr'>tiro</span> 
     </span>
     <span class='ocr_line' id='line_1_20' title="bbox 159 1457 1566 1525; baseline -0.004 -15"><span class='ocrx_word' id='word_1_153' title='bbox 159 1464 390 1511; x_wconf 82' lang='lat' dir='ltr'>latinitatis</span> <span class='ocrx_word' id='word_1_154' title='bbox 418 1465 651 1525; x_wconf 88' lang='lat' dir='ltr'>intelligat.</span> <span class='ocrx_word' id='word_1_155' title='bbox 752 1465 874 1511; x_wconf 87' lang='lat' dir='ltr'>Mihi</span> <span class='ocrx_word' id='word_1_156' title='bbox 897 1474 1047 1512; x_wconf 89' lang='lat' dir='ltr'>autem</span> <span class='ocrx_word' id='word_1_157' title='bbox 1075 1462 1132 1509; x_wconf 85' lang='lat' dir='ltr'>de</span> <span class='ocrx_word' id='word_1_158' title='bbox 1149 1479 1201 1508; x_wconf 89' lang='lat' dir='ltr'>ea</span> <span class='ocrx_word' id='word_1_159' title='bbox 1219 1477 1268 1507; x_wconf 92' lang='lat' dir='ltr'>re</span> <span class='ocrx_word' id='word_1_160' title='bbox 1288 1458 1346 1507; x_wconf 86' lang='lat' dir='ltr'>fic</span> <span class='ocrx_word' id='word_1_161' title='bbox 1375 1457 1566 1506; x_wconf 87' lang='lat' dir='ltr'>videtur.</span> 
     </span>
     <span class='ocr_line' id='line_1_21' title="bbox 159 1527 1565 1593; baseline -0.004 -15"><span class='ocrx_word' id='word_1_162' title='bbox 159 1530 248 1578; x_wconf 76' lang='lat' dir='ltr'>Etsi</span> <span class='ocrx_word' id='word_1_163' title='bbox 266 1535 390 1578; x_wconf 88' lang='lat' dir='ltr'>Deus</span> <span class='ocrx_word' id='word_1_164' title='bbox 410 1532 652 1580; x_wconf 84' lang='lat' dir='ltr'>Abrahami</span> <span class='ocrx_word' id='word_1_165' title='bbox 668 1547 812 1593; x_wconf 86' lang='lat' dir='ltr'>genus</span> <span class='ocrx_word' id='word_1_166' title='bbox 832 1530 1057 1592; x_wconf 77' lang='lat' dir='ltr'>delegerat</span> <span class='ocrx_word' id='word_1_167' title='bbox 1076 1547 1128 1577; x_wconf 82' lang='lat' dir='ltr'>ex</span> <span class='ocrx_word' id='word_1_168' title='bbox 1144 1529 1272 1576; x_wconf 89' lang='lat' dir='ltr'>omni</span> <span class='ocrx_word' id='word_1_169' title='bbox 1294 1544 1462 1589; x_wconf 80' lang='lat' dir='ltr'>genere</span> <span class='ocrx_word' id='word_1_170' title='bbox 1481 1527 1565 1573; x_wconf 87' lang='lat' dir='ltr'>hu·</span> 
     </span>
     <span class='ocr_line' id='line_1_22' title="bbox 156 1593 1568 1660; baseline -0.004 -14"><span class='ocrx_word' id='word_1_171' title='bbox 156 1615 316 1652; x_wconf 81' lang='lat' dir='ltr'>mano,</span> <span class='ocrx_word' id='word_1_172' title='bbox 347 1610 395 1646; x_wconf 86' lang='lat' dir='ltr'>vt</span> <span class='ocrx_word' id='word_1_173' title='bbox 412 1598 458 1646; x_wconf 93' lang='lat' dir='ltr'>id</span> <span class='ocrx_word' id='word_1_174' title='bbox 476 1616 625 1646; x_wconf 84' lang='lat' dir='ltr'>veram</span> <span class='ocrx_word' id='word_1_175' title='bbox 645 1600 912 1660; x_wconf 86' lang='lat' dir='ltr'>religionem</span> <span class='ocrx_word' id='word_1_176' title='bbox 931 1608 1128 1654; x_wconf 82' lang='lat' dir='ltr'>teneret,</span> <span class='ocrx_word' id='word_1_177' title='bbox 1158 1613 1350 1660; x_wconf 85' lang='lat' dir='ltr'>eamque</span> <span class='ocrx_word' id='word_1_178' title='bbox 1369 1593 1428 1642; x_wconf 91' lang='lat' dir='ltr'>ob</span> <span class='ocrx_word' id='word_1_179' title='bbox 1448 1593 1568 1641; x_wconf 76' lang='lat' dir='ltr'>caus-</span> 
     </span>
     <span class='ocr_line' id='line_1_23' title="bbox 149 1662 1562 1728; baseline -0.001 -18"><span class='ocrx_word' id='word_1_180' title='bbox 149 1668 244 1715; x_wconf 75' lang='lat' dir='ltr'>sam</span> <span class='ocrx_word' id='word_1_181' title='bbox 274 1668 406 1714; x_wconf 86' lang='lat' dir='ltr'>etiam</span> <span class='ocrx_word' id='word_1_182' title='bbox 427 1664 763 1714; x_wconf 67' lang='lat' dir='ltr'>circumcisione</span> <span class='ocrx_word' id='word_1_183' title='bbox 781 1665 1028 1714; x_wconf 85' lang='lat' dir='ltr'>secreuerat</span> <span class='ocrx_word' id='word_1_184' title='bbox 1053 1664 1108 1712; x_wconf 86' lang='lat' dir='ltr'>ab</span> <span class='ocrx_word' id='word_1_185' title='bbox 1128 1662 1337 1712; x_wconf 90' lang='lat' dir='ltr'>omnibus</span> <span class='ocrx_word' id='word_1_186' title='bbox 1358 1662 1562 1728; x_wconf 83' lang='lat' dir='ltr'>populis:</span> 
     </span>
     <span class='ocr_line' id='line_1_24' title="bbox 155 1727 1562 1800; baseline -0.004 -18"><span class='ocrx_word' id='word_1_187' title='bbox 155 1748 306 1782; x_wconf 85' lang='lat' dir='ltr'>tamen</span> <span class='ocrx_word' id='word_1_188' title='bbox 323 1751 417 1782; x_wconf 88' lang='lat' dir='ltr'>non</span> <span class='ocrx_word' id='word_1_189' title='bbox 437 1734 576 1782; x_wconf 90' lang='lat' dir='ltr'>modo</span> <span class='ocrx_word' id='word_1_190' title='bbox 603 1751 700 1781; x_wconf 86' lang='lat' dir='ltr'>non</span> <span class='ocrx_word' id='word_1_191' title='bbox 728 1735 1021 1800; x_wconf 85' lang='lat' dir='ltr'>prohibuerat</span> <span class='ocrx_word' id='word_1_192' title='bbox 1048 1732 1235 1794; x_wconf 85' lang='lat' dir='ltr'>gentiles</span> <span class='ocrx_word' id='word_1_193' title='bbox 1265 1729 1319 1778; x_wconf 90' lang='lat' dir='ltr'>ab</span> <span class='ocrx_word' id='word_1_194' title='bbox 1350 1729 1474 1777; x_wconf 87' lang='lat' dir='ltr'>aditu</span> <span class='ocrx_word' id='word_1_195' title='bbox 1504 1727 1562 1776; x_wconf 87' lang='lat' dir='ltr'>ad</span> 
     </span>
     <span class='ocr_line' id='line_1_25' title="bbox 151 1799 1560 1859; baseline -0.003 -12"><span class='ocrx_word' id='word_1_196' title='bbox 151 1820 260 1849; x_wconf 72' lang='lat' dir='ltr'>vera</span> <span class='ocrx_word' id='word_1_197' title='bbox 286 1802 420 1858; x_wconf 85' lang='lat' dir='ltr'>sacta,</span> <span class='ocrx_word' id='word_1_198' title='bbox 458 1801 534 1848; x_wconf 90' lang='lat' dir='ltr'>sed</span> <span class='ocrx_word' id='word_1_199' title='bbox 562 1804 696 1854; x_wconf 86' lang='lat' dir='ltr'>etiam</span> <span class='ocrx_word' id='word_1_200' title='bbox 723 1801 911 1851; x_wconf 83' lang='lat' dir='ltr'>obscure</span> <span class='ocrx_word' id='word_1_201' title='bbox 937 1801 995 1850; x_wconf 84' lang='lat' dir='ltr'>ab</span> <span class='ocrx_word' id='word_1_202' title='bbox 1018 1802 1146 1848; x_wconf 87' lang='lat' dir='ltr'>initio</span> <span class='ocrx_word' id='word_1_203' title='bbox 1180 1801 1314 1859; x_wconf 84' lang='lat' dir='ltr'>(Gen.</span> <span class='ocrx_word' id='word_1_204' title='bbox 1338 1799 1424 1852; x_wconf 90' lang='lat' dir='ltr'>IX,</span> <span class='ocrx_word' id='word_1_205' title='bbox 1448 1799 1560 1858; x_wconf 85' lang='lat'>27.)</span> 
     </span>
     <span class='ocr_line' id='line_1_26' title="bbox 157 1866 1559 1935; baseline -0.004 -18"><span class='ocrx_word' id='word_1_206' title='bbox 157 1872 314 1923; x_wconf 66' lang='lat' dir='ltr'>clarius</span> <span class='ocrx_word' id='word_1_207' title='bbox 339 1869 502 1916; x_wconf 85' lang='lat' dir='ltr'>deinde</span> <span class='ocrx_word' id='word_1_208' title='bbox 529 1871 691 1935; x_wconf 82' lang='lat' dir='ltr'>etipse</span> <span class='ocrx_word' id='word_1_209' title='bbox 720 1870 991 1934; x_wconf 81' lang='lat' dir='ltr'>praedixerat</span> <span class='ocrx_word' id='word_1_210' title='bbox 1033 1870 1167 1926; x_wconf 83' lang='lat' dir='ltr'>(Gen.</span> <span class='ocrx_word' id='word_1_211' title='bbox 1195 1866 1361 1923; x_wconf 91' lang='lat' dir='ltr'><em>XVII,</em></span> <span class='ocrx_word' id='word_1_212' title='bbox 1390 1881 1434 1924; x_wconf 88' lang='lat'>7.</span> <span class='ocrx_word' id='word_1_213' title='bbox 1467 1866 1559 1912; x_wconf 81' lang='lat' dir='ltr'>coll.</span> 
     </span>
     <span class='ocr_line' id='line_1_27' title="bbox 140 1933 1559 2003; baseline -0.005 -18"><span class='ocrx_word' id='word_1_214' title='bbox 140 1939 257 1992; x_wconf 69' lang='lat' dir='ltr'>,GaL</span> <span class='ocrx_word' id='word_1_215' title='bbox 285 1940 382 1991; x_wconf 89' lang='lat' dir='ltr'><strong><em>III,</em></strong></span> <span class='ocrx_word' id='word_1_216' title='bbox 410 1942 502 1998; x_wconf 62' lang='lat'>8.)&gt;¹</span> <span class='ocrx_word' id='word_1_217' title='bbox 529 1947 581 1990; x_wconf 68' lang='lat' dir='ltr'>‚et</span> <span class='ocrx_word' id='word_1_218' title='bbox 610 1954 692 2000; x_wconf 79' lang='lat' dir='ltr'>per</span> <span class='ocrx_word' id='word_1_219' title='bbox 719 1940 992 2003; x_wconf 76' lang='lat' dir='ltr'>ProphetaS,</span> <span class='ocrx_word' id='word_1_220' title='bbox 1041 1933 1262 1983; x_wconf 87' lang='lat' dir='ltr'>Dauidern</span> <span class='ocrx_word' id='word_1_221' title='bbox 1291 1936 1480 1983; x_wconf 84' lang='lat' dir='ltr'>maxime</span> <span class='ocrx_word' id='word_1_222' title='bbox 1509 1943 1559 1979; x_wconf 90' lang='lat' dir='ltr'>et</span> 
     </span>
     <span class='ocr_line' id='line_1_28' title="bbox 156 1999 1559 2069; baseline -0.004 -18"><span class='ocrx_word' id='word_1_223' title='bbox 156 2006 346 2058; x_wconf 83' lang='lat' dir='ltr'>Esaiam,</span> <span class='ocrx_word' id='word_1_224' title='bbox 381 2015 561 2066; x_wconf 86' lang='lat' dir='ltr'>tempus</span> <span class='ocrx_word' id='word_1_225' title='bbox 579 2003 699 2059; x_wconf 79' lang='lat' dir='ltr'>fore,</span> <span class='ocrx_word' id='word_1_226' title='bbox 736 2022 825 2069; x_wconf 88' lang='lat' dir='ltr'>quo</span> <span class='ocrx_word' id='word_1_227' title='bbox 844 2005 1034 2067; x_wconf 83' lang='lat' dir='ltr'>gentiles</span> <span class='ocrx_word' id='word_1_228' title='bbox 1054 2020 1212 2051; x_wconf 90' lang='lat' dir='ltr'>omnes</span> <span class='ocrx_word' id='word_1_229' title='bbox 1233 2001 1485 2068; x_wconf 89' lang='lat' dir='ltr'>promiscue</span> <span class='ocrx_word' id='word_1_230' title='bbox 1502 1999 1559 2048; x_wconf 87' lang='lat' dir='ltr'>ad</span> 
     </span>
     <span class='ocr_line' id='line_1_29' title="bbox 156 2069 1555 2138; baseline -0.002 -20"><span class='ocrx_word' id='word_1_231' title='bbox 156 2073 522 2118; x_wconf 86' lang='lat' dir='ltr'>communionem</span> <span class='ocrx_word' id='word_1_232' title='bbox 544 2070 769 2119; x_wconf 89' lang='lat' dir='ltr'>bonorum</span> <span class='ocrx_word' id='word_1_233' title='bbox 788 2091 870 2138; x_wconf 73' lang='lat' dir='ltr'>per</span> <span class='ocrx_word' id='word_1_234' title='bbox 887 2072 1092 2120; x_wconf 81' lang='lat' dir='ltr'>Meffiam</span> <span class='ocrx_word' id='word_1_235' title='bbox 1113 2069 1454 2135; x_wconf 84' lang='lat' dir='ltr'>sperandorum,</span> <span class='ocrx_word' id='word_1_236' title='bbox 1477 2086 1555 2116; x_wconf 85' lang='lat' dir='ltr'>vo-</span> 
     </span>
     <span class='ocr_line' id='line_1_30' title="bbox 156 2135 1558 2205; baseline 0 -20"><span class='ocrx_word' id='word_1_237' title='bbox 156 2149 362 2186; x_wconf 84' lang='lat' dir='ltr'>carentur</span> <span class='ocrx_word' id='word_1_238' title='bbox 381 2149 427 2186; x_wconf 86' lang='lat' dir='ltr'>et</span> <span class='ocrx_word' id='word_1_239' title='bbox 440 2135 783 2197; x_wconf 83' lang='lat' dir='ltr'>adducerentur,</span> <span class='ocrx_word' id='word_1_240' title='bbox 818 2140 958 2205; x_wconf 88' lang='lat' dir='ltr'>idque</span> <span class='ocrx_word' id='word_1_241' title='bbox 978 2141 1074 2187; x_wconf 81' lang='lat' dir='ltr'>fore</span> <span class='ocrx_word' id='word_1_242' title='bbox 1094 2150 1190 2186; x_wconf 88' lang='lat' dir='ltr'>tum</span> <span class='ocrx_word' id='word_1_243' title='bbox 1206 2176 1216 2194; x_wconf 91' lang='lat'><em>,</em></span> <span class='ocrx_word' id='word_1_244' title='bbox 1254 2154 1357 2184; x_wconf 91' lang='lat' dir='ltr'>cum</span> <span class='ocrx_word' id='word_1_245' title='bbox 1376 2135 1558 2185; x_wconf 79' lang='lat' dir='ltr'>Meffias</span> 
     </span>
     <span class='ocr_line' id='line_1_31' title="bbox 106 2203 1555 2269; baseline -0.001 -16"><span class='ocrx_word' id='word_1_246' title='bbox 106 2231 112 2235; x_wconf 97' lang='lat'>·</span> <span class='ocrx_word' id='word_1_247' title='bbox 154 2204 350 2253; x_wconf 83' lang='lat' dir='ltr'>veniffet.</span> <span class='ocrx_word' id='word_1_248' title='bbox 414 2208 580 2267; x_wconf 91' lang='lat' dir='ltr'>Neque</span> <span class='ocrx_word' id='word_1_249' title='bbox 598 2205 643 2252; x_wconf 86' lang='lat' dir='ltr'>id</span> <span class='ocrx_word' id='word_1_250' title='bbox 661 2206 922 2266; x_wconf 81' lang='lat' dir='ltr'>ignorabant</span> <span class='ocrx_word' id='word_1_251' title='bbox 942 2207 1110 2260; x_wconf 87' lang='lat' dir='ltr'>Iudaei,</span> <span class='ocrx_word' id='word_1_252' title='bbox 1155 2206 1360 2269; x_wconf 79' lang='lat' dir='ltr'>inprimis</span> <span class='ocrx_word' id='word_1_253' title='bbox 1382 2203 1555 2252; x_wconf 72' lang='lat' dir='ltr'>duffio-</span> 
     </span>
     <span class='ocr_line' id='line_1_32' title="bbox 152 2271 1554 2336; baseline -0.002 -16"><span class='ocrx_word' id='word_1_254' title='bbox 152 2292 243 2329; x_wconf 64' lang='grc' dir='ltr'>τες,</span> <span class='ocrx_word' id='word_1_255' title='bbox 272 2271 611 2336; x_wconf 88' lang='lat' dir='ltr'>agnoscuntque</span> <span class='ocrx_word' id='word_1_256' title='bbox 629 2274 768 2320; x_wconf 86' lang='lat' dir='ltr'>etiam</span> <span class='ocrx_word' id='word_1_257' title='bbox 787 2277 1070 2322; x_wconf 81' lang='lat' dir='ltr'>recentiores.</span> <span class='ocrx_word' id='word_1_258' title='bbox 1091 2291 1131 2322; x_wconf 84' lang='lat' dir='ltr'>v.</span> <span class='ocrx_word' id='word_1_259' title='bbox 1152 2273 1426 2336; x_wconf 76' lang='lat' dir='ltr'>Schoettgenii</span> <span class='ocrx_word' id='word_1_260' title='bbox 1444 2274 1554 2320; x_wconf 83' lang='lat' dir='ltr'>Hor.</span> 
     </span>
     <span class='ocr_line' id='line_1_33' title="bbox 160 2338 1554 2403; baseline -0.001 -14"><span class='ocrx_word' id='word_1_261' title='bbox 160 2343 344 2390; x_wconf 65' lang='lat' dir='ltr'>Dimud.</span> <span class='ocrx_word' id='word_1_262' title='bbox 369 2346 413 2386; x_wconf 89' lang='grc' dir='ltr'>Τ.</span> <span class='ocrx_word' id='word_1_263' title='bbox 431 2341 507 2388; x_wconf 87' lang='grc' dir='ltr'>ΙΙ.</span> <span class='ocrx_word' id='word_1_264' title='bbox 520 2358 567 2402; x_wconf 78' lang='lat' dir='ltr'>p.</span> <span class='ocrx_word' id='word_1_265' title='bbox 588 2348 699 2388; x_wconf 87' lang='lat'>621.</span> <span class='ocrx_word' id='word_1_266' title='bbox 766 2345 941 2391; x_wconf 75' lang='lat' dir='ltr'>VeteriS</span> <span class='ocrx_word' id='word_1_267' title='bbox 963 2338 1243 2388; x_wconf 87' lang='lat' dir='ltr'>Testamenti</span> <span class='ocrx_word' id='word_1_268' title='bbox 1262 2339 1554 2403; x_wconf 83' lang='lat' dir='ltr'>temporibus,</span> 
     </span>
    </p>
   </div>
   <div class='ocr_carea' id='block_1_5' title="bbox 72 2405 1555 2472">
    <p class='ocr_par' dir='ltr' id='par_1_5' title="bbox 72 2405 1555 2472">
     <span class='ocr_line' id='line_1_34' title="bbox 72 2405 1555 2472; baseline 0 -18"><span class='ocrx_word' id='word_1_269' title='bbox 72 2432 76 2435; x_wconf 75' lang='grc'><strong>-</strong></span> <span class='ocrx_word' id='word_1_270' title='bbox 151 2425 346 2472; x_wconf 79' lang='lat' dir='ltr'>quorum</span> <span class='ocrx_word' id='word_1_271' title='bbox 374 2407 650 2454; x_wconf 81' lang='lat' dir='ltr'>monimenta</span> <span class='ocrx_word' id='word_1_272' title='bbox 675 2408 812 2456; x_wconf 86' lang='lat' dir='ltr'>literis</span> <span class='ocrx_word' id='word_1_273' title='bbox 843 2408 1002 2456; x_wconf 88' lang='lat' dir='ltr'>diuinis</span> <span class='ocrx_word' id='word_1_274' title='bbox 1039 2405 1295 2468; x_wconf 73' lang='lat' dir='ltr'>consignata</span> <span class='ocrx_word' id='word_1_275' title='bbox 1329 2405 1555 2464; x_wconf 78' lang='lat' dir='ltr'>habemus,</span> 
     </span>
    </p>
   </div>
   <div class='ocr_carea' id='block_1_6' title="bbox 138 2473 1554 2742">
    <p class='ocr_par' dir='ltr' id='par_1_6' title="bbox 138 2473 1554 2742">
     <span class='ocr_line' id='line_1_35' title="bbox 153 2473 1554 2542; baseline -0.001 -20"><span class='ocrx_word' id='word_1_276' title='bbox 153 2477 322 2522; x_wconf 71' lang='lat' dir='ltr'>aditum</span> <span class='ocrx_word' id='word_1_277' title='bbox 342 2475 579 2535; x_wconf 84' lang='lat' dir='ltr'>gentilibus</span> <span class='ocrx_word' id='word_1_278' title='bbox 596 2473 780 2538; x_wconf 78' lang='lat' dir='ltr'>patuisse</span> <span class='ocrx_word' id='word_1_279' title='bbox 808 2475 859 2522; x_wconf 91' lang='lat' dir='ltr'>ad</span> <span class='ocrx_word' id='word_1_280' title='bbox 881 2475 1055 2523; x_wconf 86' lang='lat' dir='ltr'>Iudaica</span> <span class='ocrx_word' id='word_1_281' title='bbox 1071 2475 1185 2522; x_wconf 89' lang='lat' dir='ltr'>sacra</span> <span class='ocrx_word' id='word_1_282' title='bbox 1201 2492 1284 2542; x_wconf 87' lang='lat' dir='ltr'>per</span> <span class='ocrx_word' id='word_1_283' title='bbox 1300 2475 1436 2522; x_wconf 88' lang='lat' dir='ltr'>solam</span> <span class='ocrx_word' id='word_1_284' title='bbox 1470 2477 1554 2522; x_wconf 89' lang='lat' dir='ltr'>cir-</span> 
     </span>
     <span class='ocr_line' id='line_1_36' title="bbox 138 2539 1550 2605; baseline -0.001 -16"><span class='ocrx_word' id='word_1_285' title='bbox 138 2540 490 2596; x_wconf 59' lang='lat' dir='ltr'>¹comestionem,</span> <span class='ocrx_word' id='word_1_286' title='bbox 534 2539 633 2605; x_wconf 77' lang='lat' dir='ltr'>ipsis</span> <span class='ocrx_word' id='word_1_287' title='bbox 650 2541 769 2590; x_wconf 88' lang='lat' dir='ltr'>libris</span> <span class='ocrx_word' id='word_1_288' title='bbox 787 2544 913 2590; x_wconf 82' lang='lat' dir='ltr'>sacris</span> <span class='ocrx_word' id='word_1_289' title='bbox 932 2543 1171 2590; x_wconf 85' lang='lat' dir='ltr'>docemur:</span> <span class='ocrx_word' id='word_1_290' title='bbox 1219 2554 1268 2590; x_wconf 85' lang='lat' dir='ltr'>vt</span> <span class='ocrx_word' id='word_1_291' title='bbox 1287 2545 1451 2590; x_wconf 89' lang='lat' dir='ltr'>mirum</span> <span class='ocrx_word' id='word_1_292' title='bbox 1482 2541 1550 2597; x_wconf 85' lang='lat' dir='ltr'>fit,</span> 
     </span>
     <span class='ocr_line' id='line_1_37' title="bbox 142 2608 1554 2742; baseline -0.001 -87"><span class='ocrx_word' id='word_1_293' title='bbox 142 2612 196 2659; x_wconf 81' lang='lat' dir='ltr'>,in</span> <span class='ocrx_word' id='word_1_294' title='bbox 219 2612 303 2660; x_wconf 84' lang='lat' dir='ltr'>illis</span> <span class='ocrx_word' id='word_1_295' title='bbox 330 2608 609 2674; x_wconf 80' lang='lat' dir='ltr'>temporibus</span> <span class='ocrx_word' id='word_1_296' title='bbox 640 2611 832 2673; x_wconf 86' lang='lat' dir='ltr'>origines</span> <span class='ocrx_word' id='word_1_297' title='bbox 850 2610 1070 2736; x_wconf 46' lang='lat' dir='ltr'>lgriptismi</span> <span class='ocrx_word' id='word_1_298' title='bbox 1095 2610 1554 2742; x_wconf 46' lang='lat' dir='ltr'>proselyticiRleiialegci).</span> 
     </span>
    </p>
   </div>
  </div>
 </body>
</html>
