1682 3068
130 148 493 184 cotuvufissrm.
518 144 790 178 NECESSIT·
821 148 888 178 1⁶1·
921 147 1061 178 Mono
1091 146 1347 179 vxuvxlts.
1397 145 1500 194 515

91 256 383 320 tionibusque
399 255 629 300 veritatem
649 249 942 309 stabilium-int,
954 270 1220 318 erroresque
1234 253 1494 313 refelleriut,

14 341 17 344 ⁴
93 329 173 387 qui
193 339 364 371 errores
384 338 467 385 per
490 321 741 368 haereticos
761 323 1024 386 irrepserint,
1054 338 1078 368 a
1097 322 1263 387 quibus
1291 320 1492 370 fontibus

92 391 308 445 fluxerint,
342 387 592 453 quibusque
608 390 885 450 argumentis
903 390 1099 454 speciem
1118 391 1387 453 acceperint.
1436 392 1491 438 Iu

86 461 164 508 his
180 473 316 522 porro
346 456 603 518 indagandis
632 467 680 503 et
696 455 1004 516 congerendis,
1040 459 1179 504 vtitur
1195 454 1490 506 instrumento

90 524 672 580 literarumhebraicarum,
706 539 959 584 graecarum
990 533 1035 571 et
1065 525 1323 580 latinarum,
1356 527 1491 573 etiam

90 591 305 647 historiae,
335 609 439 639 cum
468 591 701 646 vniuersae,
732 603 828 638 tum
862 594 994 638 etiam
1023 592 1367 656 philosophicae,
1399 590 1490 639 fine

7 701 17 706 ,
46 663 49 668 ’
71 677 182 726 qua
202 659 410 720 dogmata
428 656 664 706 dostorum
686 656 905 707 Ecclesiae
932 659 1057 723 saepe
1075 661 1263 721 intelligi
1280 672 1327 707 et
1351 660 1490 725 expli-

90 730 182 776 cari
210 744 303 774 non
334 724 519 790 possunt.
592 728 896 774 Acroamatiea
930 737 1080 774 autem
1117 726 1204 774 siue
1241 727 1492 789 dogmatica

12 824 15 826 -
91 796 351 857 Theologia
365 811 450 849 res,
481 810 563 858 per
578 793 712 841 libros
733 794 873 841 sacros
892 794 1049 858 sparsas
1070 812 1122 841 ac
1141 793 1374 860 diffipatas,
1403 797 1492 861 pri·

90 880 217 912 mum
236 864 291 910 ad
310 873 426 909 certa
443 863 584 925 capita
604 873 861 924 congregat,
893 861 1051 908 deinde
1070 862 1290 910 subtiliter
1322 880 1375 910 ac
1392 880 1492 928 per·

91 932 241 995 spicue
259 928 424 983 definit,
458 931 712 976 varietatem
733 931 970 978 verborum
989 929 1275 994 (synonyma)
1292 931 1346 977 ad
1364 929 1491 992 figni-

66 997 312 1047 ·ficationis
342 1000 553 1044 vnitatem
584 1009 786 1052 reuocat,
818 995 1020 1058 ambigua
1046 996 1293 1060 distinguit,
1329 1015 1492 1059 genera

3 1089 6 1092 ·
64 1095 67 1097 ·
91 1069 139 1114 in
159 1066 254 1113 suas
275 1075 421 1130 partes
438 1063 606 1120 tribuit,
637 1067 865 1113 veritatem
883 1082 1033 1112 rerum
1054 1065 1229 1112 idoneis
1251 1082 1489 1126 argumen-

90 1136 148 1182 tis
177 1130 459 1188 demonstrat,
488 1131 596 1197 quid
622 1149 674 1179 ex
701 1149 886 1198 quoque
912 1131 1220 1198 consequatur,
1254 1131 1491 1198 quomodo

89 1216 293 1266 quaeque
310 1210 411 1264 apta
430 1202 548 1247 inter
566 1199 611 1246 se
629 1197 710 1246 fint
728 1217 780 1247 ac
799 1216 918 1257 nexa,
956 1198 1158 1258 ostendit,
1190 1199 1492 1249 dubitationes

68 1290 73 1295 ·
93 1269 391 1333 vndecunque
411 1277 528 1314 ortas
547 1267 679 1321 tollit,
706 1267 899 1332 denique
920 1285 1091 1316 errores
1110 1285 1156 1316 et
1174 1268 1297 1316 salsas
1318 1271 1494 1333 opinio-

94 1352 175 1382 nes
194 1346 321 1384 acute
351 1346 399 1382 et
427 1345 630 1382 accurate
654 1334 826 1384 refellit.
894 1340 984 1383 Iam
1013 1339 1089 1400 qui
1110 1338 1241 1389 illam,
1271 1353 1406 1401 quam
1425 1337 1493 1383 hi-

95 1401 296 1451 storicam
324 1401 524 1457 diximus,
558 1402 870 1464 Theologiam,
894 1421 946 1450 ex
967 1401 1054 1451 istis
1080 1400 1294 1459 sontibus,
1322 1421 1405 1468 per
1428 1421 1494 1459 ea,

94 1487 210 1535 quae
234 1469 435 1524 diximus,
463 1467 748 1517 instrumenta
776 1469 972 1528 dustam,
1003 1474 1133 1519 etiam
1164 1472 1384 1528 virorum,
1413 1473 1494 1538 qui

95 1541 144 1586 in
161 1554 218 1584 eo
238 1553 403 1598 genere
422 1535 707 1584 elaborarunt
726 1536 930 1594 feliciter,
963 1541 1042 1602 qui
1072 1539 1172 1586 sunt
1189 1539 1316 1585 multi
1336 1551 1383 1586 et
1401 1557 1494 1586 ma·

94 1607 187 1666 gni,
219 1603 602 1652 obseruationibus
628 1622 679 1652 ac
707 1604 1076 1669 disputationibus
1107 1616 1306 1653 ornatam
1328 1619 1375 1654 et
1392 1607 1492 1655 illu-

93 1670 294 1724 stratam,
336 1682 511 1727 teneat,
557 1672 592 1717 is
627 1674 734 1736 quin
774 1673 1119 1737 pulcherrimam
1152 1674 1378 1722 scientiam
1414 1672 1494 1722 fibi

94 1740 434 1804 comparauerit,
452 1737 591 1803 sitque
613 1742 622 1785 i
629 1755 658 1785 u
678 1742 850 1800 maguis
869 1742 971 1788 viris
990 1758 1043 1788 ac
1061 1741 1320 1803 Theologis
1334 1759 1493 1790 nume-

93 1806 279 1862 randae,
309 1805 508 1853 dubitare
536 1823 588 1852 ac
617 1823 782 1868 negare
805 1806 1010 1872 profesio
1042 1827 1177 1856 nemo
1210 1808 1381 1873 potest,
1411 1808 1493 1857 nisi

94 1877 175 1938 qui
194 1874 237 1920 se
255 1874 315 1919 ita
345 1870 529 1933 angusto
560 1876 739 1935 ingenio
760 1885 808 1922 et
832 1874 1020 1923 obscuro
1042 1878 1147 1924 velit
1169 1874 1411 1932 ostendere,
1444 1887 1494 1925 vt

93 1942 213 1988 illius
231 1949 391 1993 tantae,
422 1951 514 1986 tam
537 1940 746 1998 eruditae,
781 1953 870 1989 tam
890 1945 1103 2007 copiosae,
1134 1955 1226 1991 tam
1246 1947 1493 1993 multarum

96 2008 259 2056 artium
278 2008 494 2054 comitatu
515 2006 805 2054 circumfusae
824 2009 1025 2056 scientiae
1044 2011 1325 2074 splendorem
1353 2011 1494 2076 adspi-

95 2092 197 2122 cere
212 2083 260 2120 et
277 2089 434 2137 capere
454 2089 546 2120 non
567 2073 711 2137 poffit.
779 2077 1037 2131 Enimuero,
1070 2076 1150 2125 nisi
1172 2078 1224 2125 ad
1246 2080 1374 2125 huius
1396 2090 1494 2127 tam

6 2192 18 2199 x
95 2141 340 2208 praeclaras
367 2143 517 2206 copias
547 2140 728 2189 accedat
755 2142 933 2191 alterius
963 2143 1186 2202 subtilitas,
1214 2143 1404 2193 existunt
1434 2146 1495 2194 fa-

96 2210 192 2266 cile,
223 2211 358 2255 etiam
382 2209 428 2254 in
456 2211 624 2269 maguis
651 2210 853 2270 ingeniis²
885 2212 1172 2261 incommoda
1189 2223 1235 2260 et
1254 2215 1359 2261 vitia
1380 2215 1494 2262 mul·

94 2287 141 2324 ta
165 2286 212 2323 et
226 2291 395 2336 magna.

192 2348 343 2406 Atque
363 2352 410 2389 vt
425 2344 613 2401 mittam,
634 2345 681 2390 in
700 2345 769 2391 illa
786 2362 937 2393 rerum
957 2350 1158 2412 quamuis
1178 2347 1397 2397 bonarum
1418 2366 1493 2398 co-

36 2450 41 2452 .
94 2413 171 2476 pia
188 2426 280 2455 non
302 2407 395 2464 effe,
415 2427 527 2473 quae
544 2413 726 2474 proprie
746 2415 790 2458 in
807 2412 967 2460 scholis
986 2426 1117 2479 atque
1136 2417 1182 2461 iu
1202 2427 1295 2464 arte
1321 2417 1495 2473 dicitur,

70 2490 142 2526 -et
171 2475 265 2523 effe·
290 2479 334 2523 in
356 2477 601 2537 Theologo
624 2478 769 2535 debet,
800 2479 1044 2528 scientiam:
1076 2485 1316 2531 maximum
1338 2496 1384 2532 et
1406 2487 1495 2550 pri·

94 2562 220 2592 mum
242 2546 396 2590 vitium
417 2545 533 2591 illius
554 2547 736 2593 rationis
758 2544 819 2592 est
838 2549 938 2606 hoc,
971 2550 1095 2613 quod
1116 2552 1321 2598 notiones
1343 2570 1497 2600 rerum

78 2611 222 2663 facile
242 2611 415 2676 suscipit
434 2604 591 2677 paru‘m
610 2614 680 2662 vel
699 2614 866 2729 Ρίεῗςιε,
899 2617 967 2666 vel
986 2619 1358 2687 circumscriptas:
1385 2636 1496 2685 quae

84 2702 91 2713 1
112 2702 119 2705 ,
216 2709 226 2712 -
735 2684 774 2728 K
856 2701 882 2732 2
1402 2703 1498 2737 non
