1682 3068
193 149 290 212 136
523 164 587 195 121⁴:
620 161 967 198 PRAEanrlA
1000 169 1267 200 conroms

194 274 366 337 cipiunt
389 289 466 320 ore
488 289 652 337 corpus
673 274 988 334 Dominicum;
1021 291 1123 323 cum
1137 310 1148 332 ‚
1171 276 1319 325 animo
1336 285 1383 331 et
1399 274 1486 325 fide
1503 293 1599 328 non

193 344 450 407 percipere,
481 343 526 387 in
546 350 731 405 promtu
753 338 818 388 fit.

304 426 374 456 10.
446 407 531 454 Sed
575 406 691 455 aliud
722 425 858 471 graue
893 420 1205 471 argumentum
1249 410 1385 459 nobis
1419 412 1603 476 praebet
1681 437 1682 444 ¹

198 475 352 535 eadem
384 477 517 523 Paulli
552 475 807 542 disputatio,
849 477 893 523 in
928 494 1013 540 qua
1056 480 1109 537 (1
1147 479 1248 526 Cor.
1287 495 1355 536 11,
1387 483 1495 542 27.)
1521 497 1602 528 eos

195 543 423 610 profanati
453 561 554 591 cum
575 546 700 606 graui
720 545 859 608 'eulpa
889 547 1090 609 corporis
1117 556 1163 592 et
1191 545 1413 607 sanguinis
1445 546 1600 596 Christi

196 629 301 660 reos
341 611 466 669 facit,
534 614 606 676 qui
651 611 839 674 indigno
881 614 1019 660 modo
1063 613 1292 661 sumserint
1333 630 1501 679 panem¹
1539 616 1603 663 vi*

197 696 402 742 numque
429 677 792 737 Eucharisticum,
831 680 875 725 h.
895 697 931 727 e.
959 697 1054 727 non
1083 698 1160 737 eo,
1200 684 1278 746 qui
1305 699 1344 729 v.
1368 688 1441 731 26.
1461 684 1606 747 expri-

196 748 346 795 mitur.
427 753 570 802 Nam,
604 758 653 794 vt
675 764 726 795 ex
746 764 801 794 eo
822 747 926 795 loco
949 751 1111 794 veritas
1132 752 1258 812 panis
1276 760 1322 796 et
1342 751 1429 796 vini
1447 751 1494 798 in
1514 751 1605 798 Eu-

199 812 395 862 charistia
415 815 707 877 intelligitur5
735 813 807 862 fic
838 817 1004 879 pariter
1031 818 1189 863 veritas
1210 819 1412 880 corporis
1438 818 1605 865 et'san-

198 884 350 944 guinis
389 881 566 939 Christi,
636 894 683 930 et
714 884 945 947 vtriusque
973 882 1214 947 praesentia
1239 885 1359 940 talis,
1429 886 1607 950 qualem

199 949 501 1006 defendimus,
539 948 874 998 demonstratur.
945 953 1014 997 Ac
1034 952 1254 1014 primum,
1285 951 1478 1016 intelligi
1499 963 1608 1018 pr'o-

197 1014 318 1066 festo
342 1036 433 1066 non
455 1018 599 1082 potest
611 1026 626 1076 ,¹
653 1015 905 1082 quomodo,
935 1019 1010 1082 qui
1029 1034 1123 1065 non
1145 1017 1239 1065 edit
1259 1037 1414 1066 verum
1436 1036 1605 1086 corpus

196 1082 383 1139 Christi,
426 1086 500 1132 sed
521 1096 695 1133 merum
729 1102 908 1151 panem,
952 1087 1025 1149 qui
1047 1095 1221 1134 tantum
1242 1084 1606 1148 significationem

197 1150 359 1202 Christi
372 1171 458 1218 pro
479 1155 608 1200 'nobis
631 1156 800 1201 mortui
823 1151 1003 1209 habeat,
1022 1153 1256 1218 quomodo
1277 1155 1421 1219 ipsum
1444 1152 1627 1204 Christi·

198 1237 365 1286 corpus
386 1222 526 1268 violet
543 1239 593 1269 ac
612 1222 852 1285 profanet?
881 1219 1113 1285 quomodo
1135 1224 1275 1282 magis
1298 1223 1517 1285 profanet,
1536 1241 1606 1279 eo,

197 1290 278 1354 qui
298 1287 421 1350 figno
442 1292 585 1336 crucis
607 1292 723 1336 inter
743 1287 1018 1352 precandum
1039 1306 1121 1352 per
1139 1305 1307 1350 meram
1329 1292 1608 1359 consuetudi-

198 1373 329 1412 nem,
361 1354 453 1402 fine
471 1358 545 1419 pia
562 1358 858 1418 cogitatione,
892 1355 1008 1409 vsus,
1043 1363 1138 1410 ¹aut,
1173 1355 1358 1403 verbum
1379 1360 1609 1420 Euangelii

199 1421 257 1470 de
276 1423 412 1470 salute
440 1423 522 1487 per
548 1436 745 1470 mortem
769 1419 928 1470 Christi
955 1422 1164 1486 speranda
1193 1419 1285 1470 fine
1311 1441 1414 1471 vera
1441 1425 1528 1473 fide
1557 1441 1609 1474 ac

198 1491 327 1539 sensu
351 1493 430 1555 pio
451 1490 573 1548 audit
593 1502 641 1537 et
661 1492 802 1551 legit?
856 1490 1064 1554 improbe
1085 1490 1230 1537 facere
1242 1502 1432 1551 omnes,
1464 1495 1607 1559 palam
1644 1500 1645 1506 ’

202 1556 290 1616 est,
336 1557 410 1604 sed
431 1557 583 1605 violati
600 1562 650 1604 et'
665 1559 846 1622 proprie
865 1558 1087 1622 profanati
1107 1552 1310 1622 eorporis
1332 1559 1487 1607 Christi
1501 1555 1608 1608 ¹reus

199 1642 340 1686 nemo
362 1625 520 1671 dixerit
528 1646 542 1680 3
573 1623 737 1672 nec'fic
754 1626 1003 1688 loquuntur
1025 1627 1283 1689 Scripturae.
1327 1629 1461 1688 Ergo,
1485 1628 1608 1690 quod

201 1691 267 1741 est
285 1691 588 1756 consequens,
632 1692 820 1754 intelligi
842 1689 975 1737 debet
995 1693 1040 1738 in
1063 1708 1180 1756 pane
1210 1703 1256 1741 et
1276 1695 1378 1742 vino
1401 1697 1610 1743 Euchari-

201 1759 311 1808 stico
330 1758 495 1824 aliquid
517 1759 707 1823 amplius
728 1758 866 1819 figura
885 1769 932 1805 et
950 1756 1089 1820 ligno.
1125 1761 1172 1807 Id
1192 1770 1339 1808 autem
1359 1762 1443 1811 else
1463 1764 1608 1828 ipsum

203 1821 373 1894 eorpus
394 1837 440 1872 et
461 1825 719 1888 sanguinem
741 1823 920 1880 Christi,
949 1830 1140 1891 vincunt
1162 1830 1408 1893 sequentia;
1448 1834 1493 1878 in
1517 1832 1609 1895 qui·

202 1890 482 1951 bue'Paullus
501 1893 653 1941 seuere
673 1896 952 1958 pronunciat,
987 1911 1092 1942 eum
1114 1893 1192 1944 fibi
1213 1900 1453 1960 perniciem
1475 1899 1609 1946 edere

201 1980 255 2013 ac
271 1961 444 2019 bibere,
482 1959 555 2025 qui
585 1961 765 2023 indigne
794 1962 957 2008 sumat:
1007 1962 1129 2026 quod
1156 1964 1297 2028 ipsum
1326 1968 1502 2026 grauius
1532 1963 1608 2023 est,

121 2027 123 2036 ¹
203 2037 340 2103 qua‘m
362 2045 446 2096 pro
467 2029 623 2087 abusu,
664 2039 740 2076 a'ut
768 2029 978 2093 peruerso
998 2030 1074 2076 vsu
1103 2029 1210 2091 figni
1228 2035 1360 2088 meri,
1399 2050 1482 2098 per
1499 2034 1610 2087 arbi·-

202 2100 342 2147 ‘trium
363 2095 610 2146 constituti.
680 2099 927 2144 Enimuero
945 2097 1068 2143 causa
1087 2096 1339 2160 adiungitur
1361 2101 1482 2155 haee,
1500 2104 1614 2165 quod

205 2160 290 2217 nori
307 2166 500 2230 disternit
520 2183 670 2228 corpus
690 2165 859 2229 Chrzsti.
938 2163 990 2210 Id
1010 2175 1116 2211 v'ero
1134 2164 1282 2213 nostro
1303 2167 1485 2230 quidem
1501 2167 1613 2215 iudi-

208 2236 303 2289 cio,
335 2235 431 2280 rem
454 2231 630 2280 dirimit.
702 2231 823 2289 Quid
842 2233 962 2278 enim
986 2231 1058 2290 est,
1090 2231 1153 2294 μὴ
1170 2228 1384 2299 &tangive-w
1403 2232 1452 2286 τὸ
1469 2233 1610 2296 σῶμα

206 2299 264 2354 τὲ
280 2299 407 2366 Κυςῖε
420 2337 431 2357 ,
454 2304 541 2348 ²non
560 2302 782 2366 disternere
800 2316 948 2361 corpus
967 2303 1164 2356 Domini,
1204 2300 1304 2357 nifi,
1340 2318 1502 2367 corpus
1520 2307 1611 2350 Do-

207 2371 319 2416 mini
339 2371 399 2415 ita
421 2366 574 2425 edere,
612 2378 661 2415 vt
688 2367 836 2414 cibum
861 2366 1097 2432 profanum
1129 2379 1176 2416 et
1194 2369 1441 2431 vulgarem,
1485 2369 1611 2432 quod

205 2434 280 2489 fit,
321 2452 427 2482 cum
447 2433 538 2483 fine
555 2434 642 2483 fide
663 2445 712 2483 et
732 2435 951 2496 religione
982 2435 1181 2484 sumitur.
1282 2440 1402 2484 Nam
1423 2435 1611 2484 verbum

209 2501 511 2560 discernendi,
563 2504 655 2551 hoc
683 2503 862 2567 quidem
889 2505 935 2549 in
968 2503 1095 2558 loco,
1149 2500 1212 2549 est
1238 2520 1266 2550 e
1291 2501 1611 2565 significatione

208 2569 602 2618 discernendorum
626 2570 827 2618 ciborum
848 2569 1089 2618 secundum
1109 2570 1254 2632 legem
1265 2572 1528 2619 Mosaicam:
1564 2575 1610 2619 in

207 2652 295 2704 qna
313 2653 394 2684 non
414 2638 639 2702 dg‘fiernere
656 2643 767 2687 cibos
789 2635 1011 2696 dicuntur,
1042 2640 1119 2703 qui
1137 2639 1262 2704 puris
1281 2650 1329 2686 et
1345 2638 1539 2704 profanis
1560 2654 1611 2685 ac

1511 2708 1611 2767 lege
