<?xml version="1.0" encoding="UTF-8"?>
<!DOCTYPE html PUBLIC "-//W3C//DTD XHTML 1.0 Transitional//EN"
    "http://www.w3.org/TR/xhtml1/DTD/xhtml1-transitional.dtd">
<html xmlns="http://www.w3.org/1999/xhtml" xml:lang="en" lang="en">
 <head>
  <title>
</title>
<meta http-equiv="Content-Type" content="text/html;charset=utf-8" />
  <meta name='ocr-system' content='tesseract 3.04.00' />
  <meta name='ocr-capabilities' content='ocr_page ocr_carea ocr_par ocr_line ocrx_word'/>
</head>
<body>
  <div class='ocr_page' id='page_1' title='image "./opusculatheologi00erneuoft_0197.png"; bbox 0 0 1682 3068; ppageno 0'>
   <div class='ocr_carea' id='block_1_1' title="bbox 308 178 1450 233">
    <p class='ocr_par' dir='ltr' id='par_1_1' title="bbox 308 178 1450 233">
     <span class='ocr_line' id='line_1_1' title="bbox 308 178 1450 233; baseline -0.002 -14"><span class='ocrx_word' id='word_1_1' title='bbox 308 186 372 221; x_wconf 63' lang='lat' dir='ltr'>nt</span> <span class='ocrx_word' id='word_1_2' title='bbox 423 182 724 218; x_wconf 62' lang='lat' dir='ltr'>annexum:</span> <span class='ocrx_word' id='word_1_3' title='bbox 767 181 1184 216; x_wconf 61' lang='lat' dir='ltr'>consum-vanna</span> <span class='ocrx_word' id='word_1_4' title='bbox 1351 178 1450 233; x_wconf 82' lang='lat'>175</span> 
     </span>
    </p>
   </div>
   <div class='ocr_carea' id='block_1_2' title="bbox 0 290 1469 2801">
    <p class='ocr_par' dir='ltr' id='par_1_2' title="bbox 0 290 1454 830">
     <span class='ocr_line' id='line_1_2' title="bbox 15 290 1449 358; baseline 0 -15"><span class='ocrx_word' id='word_1_5' title='bbox 15 296 145 355; x_wconf 58' lang='lat' dir='ltr'>galis</span> <span class='ocrx_word' id='word_1_6' title='bbox 159 294 310 344; x_wconf 81' lang='lat' dir='ltr'>futura</span> <span class='ocrx_word' id='word_1_7' title='bbox 330 292 394 342; x_wconf 85' lang='lat' dir='ltr'>est</span> <span class='ocrx_word' id='word_1_8' title='bbox 411 310 591 352; x_wconf 85' lang='lat' dir='ltr'>eorum,</span> <span class='ocrx_word' id='word_1_9' title='bbox 633 292 711 358; x_wconf 88' lang='lat' dir='ltr'>qui</span> <span class='ocrx_word' id='word_1_10' title='bbox 730 290 784 339; x_wconf 84' lang='lat' dir='ltr'>ad</span> <span class='ocrx_word' id='word_1_11' title='bbox 800 291 975 340; x_wconf 68' lang='lat' dir='ltr'>beatam</span> <span class='ocrx_word' id='word_1_12' title='bbox 993 292 1115 340; x_wconf 88' lang='lat' dir='ltr'>illam</span> <span class='ocrx_word' id='word_1_13' title='bbox 1142 294 1449 346; x_wconf 74' lang='lat' dir='ltr'>immortalita-</span> 
     </span>
     <span class='ocr_line' id='line_1_3' title="bbox 7 356 1450 429; baseline 0 -15"><span class='ocrx_word' id='word_1_14' title='bbox 7 359 16 394; x_wconf 64' lang='grc'>”-</span> <span class='ocrx_word' id='word_1_15' title='bbox 44 360 144 414; x_wconf 71' lang='lat' dir='ltr'>‘tem</span> <span class='ocrx_word' id='word_1_16' title='bbox 172 366 487 429; x_wconf 78' lang='lat' dir='ltr'>peruenerint,</span> <span class='ocrx_word' id='word_1_17' title='bbox 528 356 711 408; x_wconf 73' lang='lat' dir='ltr'>austere</span> <span class='ocrx_word' id='word_1_18' title='bbox 736 361 913 418; x_wconf 82' lang='lat' dir='ltr'><em>Paullo,</em></span> <span class='ocrx_word' id='word_1_19' title='bbox 962 377 982 408; x_wconf 92' lang='lat'>1</span> <span class='ocrx_word' id='word_1_20' title='bbox 1020 362 1121 411; x_wconf 59' lang='lat' dir='ltr'>Con</span> <span class='ocrx_word' id='word_1_21' title='bbox 1144 363 1298 422; x_wconf 83' lang='lat' dir='ltr'><strong><em>XIII,</em></strong></span> <span class='ocrx_word' id='word_1_22' title='bbox 1335 374 1450 414; x_wconf 84' lang='lat' dir='ltr'><em>extr.</em></span> 
     </span>
     <span class='ocr_line' id='line_1_4' title="bbox 17 426 1449 499; baseline 0.001 -19"><span class='ocrx_word' id='word_1_23' title='bbox 17 438 22 453; x_wconf 78' lang='lat'>³</span> <span class='ocrx_word' id='word_1_24' title='bbox 48 430 200 499; x_wconf 81' lang='lat' dir='ltr'><em>Neque</em></span> <span class='ocrx_word' id='word_1_25' title='bbox 219 442 379 493; x_wconf 12' lang='lat' dir='ltr'>&amp;tamen</span> <span class='ocrx_word' id='word_1_26' title='bbox 393 429 465 478; x_wconf 71' lang='lat' dir='ltr'>‘vel</span> <span class='ocrx_word' id='word_1_27' title='bbox 481 426 540 476; x_wconf 80' lang='lat' dir='ltr'>fic</span> <span class='ocrx_word' id='word_1_28' title='bbox 564 430 833 487; x_wconf 66' lang='lat' dir='ltr'>abhorreret,</span> <span class='ocrx_word' id='word_1_29' title='bbox 871 429 1142 478; x_wconf 78' lang='lat' dir='ltr'>naturalibus</span> <span class='ocrx_word' id='word_1_30' title='bbox 1162 430 1252 479; x_wconf 86' lang='lat' dir='ltr'>istis</span> <span class='ocrx_word' id='word_1_31' title='bbox 1269 433 1449 495; x_wconf 88' lang='lat' dir='ltr'>religio-</span> 
     </span>
     <span class='ocr_line' id='line_1_5' title="bbox 48 495 1452 562; baseline 0.001 -15"><span class='ocrx_word' id='word_1_32' title='bbox 48 503 120 548; x_wconf 86' lang='lat' dir='ltr'>nis</span> <span class='ocrx_word' id='word_1_33' title='bbox 150 497 309 559; x_wconf 81' lang='lat' dir='ltr'>officiis</span> <span class='ocrx_word' id='word_1_34' title='bbox 337 495 549 562; x_wconf 75' lang='lat' dir='ltr'>quaedam</span> <span class='ocrx_word' id='word_1_35' title='bbox 578 495 679 543; x_wconf 83' lang='lat' dir='ltr'>addi</span> <span class='ocrx_word' id='word_1_36' title='bbox 704 513 728 542; x_wconf 88' lang='lat' dir='ltr'>a</span> <span class='ocrx_word' id='word_1_37' title='bbox 759 499 883 551; x_wconf 87' lang='lat' dir='ltr'>Deo,</span> <span class='ocrx_word' id='word_1_38' title='bbox 951 496 1111 559; x_wconf 82' lang='lat' dir='ltr'>quibus</span> <span class='ocrx_word' id='word_1_39' title='bbox 1141 500 1363 547; x_wconf 79' lang='lat' dir='ltr'>seruandis</span> <span class='ocrx_word' id='word_1_40' title='bbox 1395 517 1452 548; x_wconf 80' lang='lat' dir='ltr'>ac</span> 
     </span>
     <span class='ocr_line' id='line_1_6' title="bbox 50 563 1451 629; baseline 0 -14"><span class='ocrx_word' id='word_1_41' title='bbox 50 565 413 616; x_wconf 61' lang='lat' dir='ltr'>:cenentur-mli</span> <span class='ocrx_word' id='word_1_42' title='bbox 430 564 474 611; x_wconf 89' lang='lat' dir='ltr'>se</span> <span class='ocrx_word' id='word_1_43' title='bbox 491 580 541 612; x_wconf 86' lang='lat' dir='ltr'>ac</span> <span class='ocrx_word' id='word_1_44' title='bbox 568 565 726 629; x_wconf 80' lang='lat' dir='ltr'>placari</span> <span class='ocrx_word' id='word_1_45' title='bbox 743 563 871 611; x_wconf 83' lang='lat' dir='ltr'>velit:</span> <span class='ocrx_word' id='word_1_46' title='bbox 923 581 1013 619; x_wconf 84' lang='lat' dir='ltr'>nec,</span> <span class='ocrx_word' id='word_1_47' title='bbox 1051 565 1095 611; x_wconf 90' lang='lat' dir='ltr'>id</span> <span class='ocrx_word' id='word_1_48' title='bbox 1123 564 1152 612; x_wconf 83' lang='lat' dir='ltr'>si</span> <span class='ocrx_word' id='word_1_49' title='bbox 1171 567 1358 625; x_wconf 87' lang='lat' dir='ltr'>faceret,</span> <span class='ocrx_word' id='word_1_50' title='bbox 1400 569 1451 619; x_wconf 84' lang='lat' dir='ltr'>in</span> 
     </span>
     <span class='ocr_line' id='line_1_7' title="bbox 49 628 1454 698; baseline 0.001 -16"><span class='ocrx_word' id='word_1_51' title='bbox 49 639 110 683; x_wconf 66' lang='lat' dir='ltr'>⁴eo</span> <span class='ocrx_word' id='word_1_52' title='bbox 138 632 221 684; x_wconf 71' lang='lat' dir='ltr'>noni</span> <span class='ocrx_word' id='word_1_53' title='bbox 232 630 415 698; x_wconf 62' lang='lat' dir='ltr'>msice</span> <span class='ocrx_word' id='word_1_54' title='bbox 436 641 656 684; x_wconf 73' lang='lat' dir='ltr'>vientur,-</span> <span class='ocrx_word' id='word_1_55' title='bbox 689 634 767 678; x_wconf 80' lang='lat' dir='ltr'>eui</span> <span class='ocrx_word' id='word_1_56' title='bbox 792 629 825 677; x_wconf 77' lang='lat' dir='ltr'>fi</span> <span class='ocrx_word' id='word_1_57' title='bbox 846 628 1055 692; x_wconf 78' lang='lat' dir='ltr'>refragari</span> <span class='ocrx_word' id='word_1_58' title='bbox 1073 632 1288 682; x_wconf 80' lang='lat' dir='ltr'>auderent</span> <span class='ocrx_word' id='word_1_59' title='bbox 1309 635 1454 684; x_wconf 87' lang='lat' dir='ltr'>homi·</span> 
     </span>
     <span class='ocr_line' id='line_1_8' title="bbox 0 696 1453 767; baseline 0 -14"><span class='ocrx_word' id='word_1_60' title='bbox 0 735 1 754; x_wconf 65' lang='lat'>3</span> <span class='ocrx_word' id='word_1_61' title='bbox 51 721 157 762; x_wconf 87' lang='lat' dir='ltr'>nes,</span> <span class='ocrx_word' id='word_1_62' title='bbox 193 719 286 751; x_wconf 87' lang='lat' dir='ltr'>non</span> <span class='ocrx_word' id='word_1_63' title='bbox 315 699 505 766; x_wconf 73' lang='lat' dir='ltr'>rebelles</span> <span class='ocrx_word' id='word_1_64' title='bbox 532 717 584 749; x_wconf 86' lang='lat' dir='ltr'>ac</span> <span class='ocrx_word' id='word_1_65' title='bbox 611 696 859 766; x_wconf 65' lang='grc' dir='ltr'><em>θὶομάχοι,</em></span> <span class='ocrx_word' id='word_1_66' title='bbox 896 698 1103 747; x_wconf 87' lang='lat' dir='ltr'>omnibus</span> <span class='ocrx_word' id='word_1_67' title='bbox 1133 705 1291 767; x_wconf 89' lang='lat' dir='ltr'>poenis</span> <span class='ocrx_word' id='word_1_68' title='bbox 1325 721 1453 753; x_wconf 83' lang='lat' dir='ltr'>coer·</span> 
     </span>
     <span class='ocr_line' id='line_1_9' title="bbox 0 765 502 830; baseline -0.012 -11"><span class='ocrx_word' id='word_1_69' title='bbox 0 803 1 811; x_wconf 45' lang='lat'>1</span> <span class='ocrx_word' id='word_1_70' title='bbox 51 765 502 830; x_wconf 46' lang='lat' dir='ltr'>‹sentin-viderentur.</span> 
     </span>
    </p>

    <p class='ocr_par' dir='ltr' id='par_1_3' title="bbox 51 831 1469 2733">
     <span class='ocr_line' id='line_1_10' title="bbox 151 831 1455 901; baseline 0 -14"><span class='ocrx_word' id='word_1_71' title='bbox 151 841 199 887; x_wconf 83' lang='lat'>6.</span> <span class='ocrx_word' id='word_1_72' title='bbox 229 831 359 886; x_wconf 68' lang='lat' dir='ltr'>Nm</span> <span class='ocrx_word' id='word_1_73' title='bbox 378 847 429 885; x_wconf 82' lang='lat' dir='ltr'>vt</span> <span class='ocrx_word' id='word_1_74' title='bbox 445 834 500 884; x_wconf 86' lang='lat' dir='ltr'>ab</span> <span class='ocrx_word' id='word_1_75' title='bbox 520 835 594 884; x_wconf 79' lang='lat' dir='ltr'>hoc</span> <span class='ocrx_word' id='word_1_76' title='bbox 609 836 896 901; x_wconf 77' lang='lat' dir='ltr'>incipiamus,</span> <span class='ocrx_word' id='word_1_77' title='bbox 937 834 1170 900; x_wconf 88' lang='lat' dir='ltr'>quomodo</span> <span class='ocrx_word' id='word_1_78' title='bbox 1190 849 1347 886; x_wconf 85' lang='lat' dir='ltr'>contra</span> <span class='ocrx_word' id='word_1_79' title='bbox 1379 839 1455 887; x_wconf 71' lang='lat' dir='ltr'>ius</span> 
     </span>
     <span class='ocr_line' id='line_1_11' title="bbox 52 902 1455 971; baseline -0.001 -17"><span class='ocrx_word' id='word_1_80' title='bbox 52 904 191 957; x_wconf 76' lang='lat' dir='ltr'>videri</span> <span class='ocrx_word' id='word_1_81' title='bbox 211 902 382 971; x_wconf 85' lang='lat' dir='ltr'>potest,</span> <span class='ocrx_word' id='word_1_82' title='bbox 410 902 443 951; x_wconf 82' lang='lat' dir='ltr'>{i</span> <span class='ocrx_word' id='word_1_83' title='bbox 463 907 587 952; x_wconf 85' lang='lat' dir='ltr'>Deus</span> <span class='ocrx_word' id='word_1_84' title='bbox 609 903 771 970; x_wconf 88' lang='lat' dir='ltr'>aliquid</span> <span class='ocrx_word' id='word_1_85' title='bbox 789 905 932 965; x_wconf 80' lang='lat' dir='ltr'>exigat</span> <span class='ocrx_word' id='word_1_86' title='bbox 949 903 1003 951; x_wconf 84' lang='lat' dir='ltr'>ab</span> <span class='ocrx_word' id='word_1_87' title='bbox 1024 905 1303 960; x_wconf 84' lang='lat' dir='ltr'>hominibus,</span> <span class='ocrx_word' id='word_1_88' title='bbox 1328 905 1455 970; x_wconf 72' lang='lat' dir='ltr'>quod</span> 
     </span>
     <span class='ocr_line' id='line_1_12' title="bbox 53 969 1455 1038; baseline 0 -16"><span class='ocrx_word' id='word_1_89' title='bbox 53 989 150 1022; x_wconf 77' lang='lat' dir='ltr'>mn</span> <span class='ocrx_word' id='word_1_90' title='bbox 166 973 237 1022; x_wconf 74' lang='lat' dir='ltr'>ffia</span> <span class='ocrx_word' id='word_1_91' title='bbox 256 974 416 1038; x_wconf 85' lang='lat' dir='ltr'>sponte</span> <span class='ocrx_word' id='word_1_92' title='bbox 434 972 687 1034; x_wconf 84' lang='lat' dir='ltr'>intelligant</span> <span class='ocrx_word' id='word_1_93' title='bbox 706 969 791 1019; x_wconf 82' lang='lat' dir='ltr'>effe</span> <span class='ocrx_word' id='word_1_94' title='bbox 810 969 1083 1019; x_wconf 78' lang='lat' dir='ltr'>faciendum:</span> <span class='ocrx_word' id='word_1_95' title='bbox 1120 983 1196 1020; x_wconf 84' lang='lat' dir='ltr'>aut</span> <span class='ocrx_word' id='word_1_96' title='bbox 1213 974 1455 1038; x_wconf 86' lang='lat' dir='ltr'>quomodo</span> 
     </span>
     <span class='ocr_line' id='line_1_13' title="bbox 51 1039 1457 1105; baseline -0.001 -14"><span class='ocrx_word' id='word_1_97' title='bbox 51 1056 147 1091; x_wconf 76' lang='lat' dir='ltr'>non</span> <span class='ocrx_word' id='word_1_98' title='bbox 166 1040 334 1089; x_wconf 87' lang='lat' dir='ltr'>debent</span> <span class='ocrx_word' id='word_1_99' title='bbox 349 1041 556 1088; x_wconf 88' lang='lat' dir='ltr'>homines</span> <span class='ocrx_word' id='word_1_100' title='bbox 586 1039 827 1105; x_wconf 80' lang='lat' dir='ltr'>praestare,</span> <span class='ocrx_word' id='word_1_101' title='bbox 867 1041 913 1086; x_wconf 92' lang='lat' dir='ltr'>in</span> <span class='ocrx_word' id='word_1_102' title='bbox 934 1057 1025 1103; x_wconf 92' lang='lat' dir='ltr'>quo</span> <span class='ocrx_word' id='word_1_103' title='bbox 1050 1040 1091 1086; x_wconf 90' lang='lat' dir='ltr'>se</span> <span class='ocrx_word' id='word_1_104' title='bbox 1110 1051 1287 1102; x_wconf 82' lang='lat' dir='ltr'>gratum</span> <span class='ocrx_word' id='word_1_105' title='bbox 1312 1039 1457 1098; x_wconf 63' lang='lat' dir='ltr'>fastu-</span> 
     </span>
     <span class='ocr_line' id='line_1_14' title="bbox 51 1105 1460 1175; baseline 0.001 -19"><span class='ocrx_word' id='word_1_106' title='bbox 51 1125 128 1157; x_wconf 81' lang='lat' dir='ltr'>ms</span> <span class='ocrx_word' id='word_1_107' title='bbox 145 1108 466 1156; x_wconf 39' lang='lat' dir='ltr'>Deo&#39;videant:</span> <span class='ocrx_word' id='word_1_108' title='bbox 507 1125 611 1156; x_wconf 90' lang='lat' dir='ltr'>cum</span> <span class='ocrx_word' id='word_1_109' title='bbox 629 1110 716 1156; x_wconf 87' lang='lat' dir='ltr'>toti</span> <span class='ocrx_word' id='word_1_110' title='bbox 742 1105 827 1154; x_wconf 82' lang='lat' dir='ltr'>fint</span> <span class='ocrx_word' id='word_1_111' title='bbox 845 1118 892 1154; x_wconf 90' lang='lat' dir='ltr'>et</span> <span class='ocrx_word' id='word_1_112' title='bbox 920 1110 1117 1156; x_wconf 87' lang='lat' dir='ltr'>muneris</span> <span class='ocrx_word' id='word_1_113' title='bbox 1146 1108 1460 1175; x_wconf 80' lang='lat' dir='ltr'>beneficiique,</span> 
     </span>
     <span class='ocr_line' id='line_1_15' title="bbox 51 1174 1460 1241; baseline 0.001 -17"><span class='ocrx_word' id='word_1_114' title='bbox 51 1186 100 1224; x_wconf 80' lang='lat' dir='ltr'>et</span> <span class='ocrx_word' id='word_1_115' title='bbox 116 1178 225 1224; x_wconf 68' lang='lat' dir='ltr'>iuris</span> <span class='ocrx_word' id='word_1_116' title='bbox 244 1176 513 1241; x_wconf 78' lang='lat' dir='ltr'>ditionisque</span> <span class='ocrx_word' id='word_1_117' title='bbox 532 1175 732 1233; x_wconf 84' lang='lat' dir='ltr'>diuinae,</span> <span class='ocrx_word' id='word_1_118' title='bbox 765 1178 950 1239; x_wconf 83' lang='lat' dir='ltr'>eiusque</span> <span class='ocrx_word' id='word_1_119' title='bbox 968 1174 1157 1240; x_wconf 80' lang='lat' dir='ltr'>potestas</span> <span class='ocrx_word' id='word_1_120' title='bbox 1178 1178 1223 1224; x_wconf 90' lang='lat' dir='ltr'>in</span> <span class='ocrx_word' id='word_1_121' title='bbox 1243 1178 1460 1226; x_wconf 67' lang='lat' dir='ltr'>homines</span> 
     </span>
     <span class='ocr_line' id='line_1_16' title="bbox 51 1242 1460 1310; baseline 0.001 -18"><span class='ocrx_word' id='word_1_122' title='bbox 51 1242 105 1292; x_wconf 76' lang='lat' dir='ltr'>{it</span> <span class='ocrx_word' id='word_1_123' title='bbox 119 1260 182 1299; x_wconf 75' lang='lat' dir='ltr'>ea,</span> <span class='ocrx_word' id='word_1_124' title='bbox 203 1246 447 1309; x_wconf 79' lang='lat' dir='ltr'>qua-maior</span> <span class='ocrx_word' id='word_1_125' title='bbox 464 1246 650 1304; x_wconf 87' lang='lat' dir='ltr'>cogitari</span> <span class='ocrx_word' id='word_1_126' title='bbox 669 1244 948 1307; x_wconf 85' lang='lat' dir='ltr'>intelligique</span> <span class='ocrx_word' id='word_1_127' title='bbox 968 1260 1061 1292; x_wconf 90' lang='lat' dir='ltr'>non</span> <span class='ocrx_word' id='word_1_128' title='bbox 1083 1243 1242 1310; x_wconf 85' lang='lat' dir='ltr'>potest.</span> <span class='ocrx_word' id='word_1_129' title='bbox 1273 1248 1460 1295; x_wconf 80' lang='lat' dir='ltr'>Etenim</span> 
     </span>
     <span class='ocr_line' id='line_1_17' title="bbox 55 1310 1461 1376; baseline 0.001 -16"><span class='ocrx_word' id='word_1_130' title='bbox 55 1312 206 1360; x_wconf 67' lang='lat' dir='ltr'>omnis</span> <span class='ocrx_word' id='word_1_131' title='bbox 223 1310 418 1376; x_wconf 84' lang='lat' dir='ltr'>potestas</span> <span class='ocrx_word' id='word_1_132' title='bbox 447 1313 644 1371; x_wconf 85' lang='lat' dir='ltr'>legitima</span> <span class='ocrx_word' id='word_1_133' title='bbox 662 1314 709 1358; x_wconf 91' lang='lat' dir='ltr'>in</span> <span class='ocrx_word' id='word_1_134' title='bbox 731 1312 862 1366; x_wconf 79' lang='lat' dir='ltr'>alioS,</span> <span class='ocrx_word' id='word_1_135' title='bbox 904 1328 1016 1374; x_wconf 86' lang='lat' dir='ltr'>quae</span> <span class='ocrx_word' id='word_1_136' title='bbox 1045 1311 1226 1376; x_wconf 89' lang='lat' dir='ltr'>quidem</span> <span class='ocrx_word' id='word_1_137' title='bbox 1255 1331 1279 1359; x_wconf 82' lang='lat' dir='ltr'>a</span> <span class='ocrx_word' id='word_1_138' title='bbox 1300 1327 1461 1362; x_wconf 69' lang='lat' dir='ltr'>natura</span> 
     </span>
     <span class='ocr_line' id='line_1_18' title="bbox 56 1377 1462 1443; baseline 0.003 -18"><span class='ocrx_word' id='word_1_139' title='bbox 56 1377 254 1435; x_wconf 81' lang='lat' dir='ltr'>ducatur,</span> <span class='ocrx_word' id='word_1_140' title='bbox 287 1379 552 1440; x_wconf 81' lang='lat' dir='ltr'>intelligitur</span> <span class='ocrx_word' id='word_1_141' title='bbox 569 1396 621 1424; x_wconf 86' lang='lat' dir='ltr'>ex</span> <span class='ocrx_word' id='word_1_142' title='bbox 642 1379 798 1425; x_wconf 83' lang='lat' dir='ltr'>harum</span> <span class='ocrx_word' id='word_1_143' title='bbox 820 1377 1060 1425; x_wconf 73' lang='lat' dir='ltr'>caussarum</span> <span class='ocrx_word' id='word_1_144' title='bbox 1081 1381 1242 1443; x_wconf 78' lang='lat' dir='ltr'>aliqua:</span> <span class='ocrx_word' id='word_1_145' title='bbox 1267 1378 1300 1427; x_wconf 82' lang='lat' dir='ltr'><strong>fi</strong></span> <span class='ocrx_word' id='word_1_146' title='bbox 1322 1384 1462 1429; x_wconf 83' lang='lat' dir='ltr'>vitam</span> 
     </span>
     <span class='ocr_line' id='line_1_19' title="bbox 56 1443 1461 1512; baseline 0.002 -19"><span class='ocrx_word' id='word_1_147' title='bbox 56 1444 235 1501; x_wconf 75' lang='lat' dir='ltr'>debeas,</span> <span class='ocrx_word' id='word_1_148' title='bbox 264 1447 389 1494; x_wconf 80' lang='lat' dir='ltr'>velut</span> <span class='ocrx_word' id='word_1_149' title='bbox 406 1445 691 1510; x_wconf 85' lang='lat' dir='ltr'>parentibus:</span> <span class='ocrx_word' id='word_1_150' title='bbox 729 1443 758 1491; x_wconf 83' lang='lat' dir='ltr'><strong>fi</strong></span> <span class='ocrx_word' id='word_1_151' title='bbox 778 1455 823 1491; x_wconf 82' lang='lat' dir='ltr'>te</span> <span class='ocrx_word' id='word_1_152' title='bbox 841 1447 887 1491; x_wconf 87' lang='lat' dir='ltr'>in</span> <span class='ocrx_word' id='word_1_153' title='bbox 908 1445 1168 1508; x_wconf 83' lang='lat' dir='ltr'>potestatem</span> <span class='ocrx_word' id='word_1_154' title='bbox 1189 1465 1461 1512; x_wconf 73' lang='lat' dir='ltr'>quacunque</span> 
     </span>
     <span class='ocr_line' id='line_1_20' title="bbox 57 1510 1463 1579; baseline 0.002 -19"><span class='ocrx_word' id='word_1_155' title='bbox 57 1511 113 1560; x_wconf 80' lang='lat' dir='ltr'>de</span> <span class='ocrx_word' id='word_1_156' title='bbox 134 1510 295 1571; x_wconf 74' lang='lat' dir='ltr'>causta,</span> <span class='ocrx_word' id='word_1_157' title='bbox 327 1511 641 1560; x_wconf 74' lang='lat' dir='ltr'>fiue&#39;alimenta</span> <span class='ocrx_word' id='word_1_158' title='bbox 661 1524 839 1579; x_wconf 87' lang='lat' dir='ltr'>petens,</span> <span class='ocrx_word' id='word_1_159' title='bbox 882 1511 971 1560; x_wconf 85' lang='lat' dir='ltr'>fiue</span> <span class='ocrx_word' id='word_1_160' title='bbox 989 1514 1266 1563; x_wconf 86' lang='lat' dir='ltr'>securitatem</span> <span class='ocrx_word' id='word_1_161' title='bbox 1286 1516 1463 1563; x_wconf 76' lang='lat' dir='ltr'>aliudue</span> 
     </span>
     <span class='ocr_line' id='line_1_21' title="bbox 54 1578 1466 1647; baseline 0.002 -19"><span class='ocrx_word' id='word_1_162' title='bbox 54 1579 165 1646; x_wconf 84' lang='lat' dir='ltr'>quid</span> <span class='ocrx_word' id='word_1_163' title='bbox 191 1581 392 1628; x_wconf 65' lang='lat' dir='ltr'>vtilimtis</span> <span class='ocrx_word' id='word_1_164' title='bbox 420 1578 640 1645; x_wconf 69' lang='lat' dir='ltr'>speEhns‚</span> <span class='ocrx_word' id='word_1_165' title='bbox 692 1579 887 1639; x_wconf 85' lang='lat' dir='ltr'>dederis,</span> <span class='ocrx_word' id='word_1_166' title='bbox 935 1592 984 1628; x_wconf 86' lang='lat' dir='ltr'>vt</span> <span class='ocrx_word' id='word_1_167' title='bbox 1019 1583 1290 1647; x_wconf 75' lang='lat' dir='ltr'>principibus</span> <span class='ocrx_word' id='word_1_168' title='bbox 1322 1586 1466 1641; x_wconf 75' lang='lat' dir='ltr'>ciues,</span> 
     </span>
     <span class='ocr_line' id='line_1_22' title="bbox 56 1646 1463 1712; baseline 0.004 -16"><span class='ocrx_word' id='word_1_169' title='bbox 56 1647 249 1696; x_wconf 74' lang='lat' dir='ltr'>dominis</span> <span class='ocrx_word' id='word_1_170' title='bbox 268 1648 402 1695; x_wconf 88' lang='lat' dir='ltr'>serui:</span> <span class='ocrx_word' id='word_1_171' title='bbox 436 1646 468 1695; x_wconf 90' lang='lat' dir='ltr'>fi</span> <span class='ocrx_word' id='word_1_172' title='bbox 486 1649 678 1712; x_wconf 88' lang='lat' dir='ltr'>denique</span> <span class='ocrx_word' id='word_1_173' title='bbox 696 1647 756 1694; x_wconf 92' lang='lat' dir='ltr'>ob</span> <span class='ocrx_word' id='word_1_174' title='bbox 777 1650 979 1695; x_wconf 88' lang='lat' dir='ltr'>iniuriam</span> <span class='ocrx_word' id='word_1_175' title='bbox 999 1649 1159 1696; x_wconf 80' lang='lat' dir='ltr'>illatam</span> <span class='ocrx_word' id='word_1_176' title='bbox 1180 1653 1225 1697; x_wconf 90' lang='lat' dir='ltr'>in</span> <span class='ocrx_word' id='word_1_177' title='bbox 1244 1650 1463 1701; x_wconf 82' lang='lat' dir='ltr'>ditionem</span> 
     </span>
     <span class='ocr_line' id='line_1_23' title="bbox 55 1713 1463 1777; baseline 0.002 -12"><span class='ocrx_word' id='word_1_178' title='bbox 55 1713 235 1765; x_wconf 71' lang='lat' dir='ltr'>vistoris</span> <span class='ocrx_word' id='word_1_179' title='bbox 253 1718 438 1764; x_wconf 85' lang='lat' dir='ltr'>veneris.</span> <span class='ocrx_word' id='word_1_180' title='bbox 515 1720 567 1763; x_wconf 90' lang='lat' dir='ltr'>In</span> <span class='ocrx_word' id='word_1_181' title='bbox 588 1717 655 1762; x_wconf 85' lang='lat' dir='ltr'>his</span> <span class='ocrx_word' id='word_1_182' title='bbox 677 1726 824 1762; x_wconf 85' lang='lat' dir='ltr'>autem</span> <span class='ocrx_word' id='word_1_183' title='bbox 843 1717 982 1777; x_wconf 85' lang='lat' dir='ltr'>longe</span> <span class='ocrx_word' id='word_1_184' title='bbox 999 1715 1266 1766; x_wconf 80' lang='lat' dir='ltr'>iustissimam</span> <span class='ocrx_word' id='word_1_185' title='bbox 1286 1731 1333 1767; x_wconf 88' lang='lat' dir='ltr'>et</span> <span class='ocrx_word' id='word_1_186' title='bbox 1352 1731 1463 1768; x_wconf 79' lang='lat' dir='ltr'>cum</span> 
     </span>
     <span class='ocr_line' id='line_1_24' title="bbox 56 1781 1462 1845; baseline 0.003 -14"><span class='ocrx_word' id='word_1_187' title='bbox 56 1794 215 1831; x_wconf 70' lang='lat' dir='ltr'>natura</span> <span class='ocrx_word' id='word_1_188' title='bbox 229 1785 422 1831; x_wconf 77' lang='lat' dir='ltr'>humana</span> <span class='ocrx_word' id='word_1_189' title='bbox 440 1781 835 1832; x_wconf 70' lang='lat' dir='ltr'>coniunstiffimam</span> <span class='ocrx_word' id='word_1_190' title='bbox 856 1783 1101 1832; x_wconf 81' lang='lat' dir='ltr'>existimare</span> <span class='ocrx_word' id='word_1_191' title='bbox 1112 1789 1329 1833; x_wconf 88' lang='lat' dir='ltr'>conuenit</span> <span class='ocrx_word' id='word_1_192' title='bbox 1346 1804 1462 1845; x_wconf 78' lang='lat' dir='ltr'>eam,</span> 
     </span>
     <span class='ocr_line' id='line_1_25' title="bbox 56 1851 1466 1919; baseline 0.004 -21"><span class='ocrx_word' id='word_1_193' title='bbox 56 1866 171 1917; x_wconf 75' lang='lat' dir='ltr'>quae</span> <span class='ocrx_word' id='word_1_194' title='bbox 192 1869 217 1898; x_wconf 74' lang='lat' dir='ltr'>a</span> <span class='ocrx_word' id='word_1_195' title='bbox 236 1855 327 1899; x_wconf 86' lang='lat' dir='ltr'>vita</span> <span class='ocrx_word' id='word_1_196' title='bbox 353 1852 453 1899; x_wconf 78' lang='lat' dir='ltr'>data</span> <span class='ocrx_word' id='word_1_197' title='bbox 474 1863 520 1900; x_wconf 86' lang='lat' dir='ltr'>et</span> <span class='ocrx_word' id='word_1_198' title='bbox 541 1864 720 1916; x_wconf 80' lang='lat' dir='ltr'>accepta</span> <span class='ocrx_word' id='word_1_199' title='bbox 749 1851 995 1908; x_wconf 76' lang='lat' dir='ltr'>arcessitur,</span> <span class='ocrx_word' id='word_1_200' title='bbox 1033 1854 1202 1919; x_wconf 86' lang='lat' dir='ltr'>quippe</span> <span class='ocrx_word' id='word_1_201' title='bbox 1229 1856 1466 1905; x_wconf 81' lang='lat' dir='ltr'>valituram</span> 
     </span>
     <span class='ocr_line' id='line_1_26' title="bbox 55 1918 1463 1984; baseline 0.003 -18"><span class='ocrx_word' id='word_1_202' title='bbox 55 1921 192 1966; x_wconf 75' lang='lat' dir='ltr'>etiam</span> <span class='ocrx_word' id='word_1_203' title='bbox 233 1930 355 1974; x_wconf 86' lang='lat' dir='ltr'>tum,</span> <span class='ocrx_word' id='word_1_204' title='bbox 421 1918 453 1967; x_wconf 84' lang='lat' dir='ltr'>fi</span> <span class='ocrx_word' id='word_1_205' title='bbox 494 1921 626 1984; x_wconf 88' lang='lat' dir='ltr'>primi</span> <span class='ocrx_word' id='word_1_206' title='bbox 669 1919 876 1966; x_wconf 85' lang='lat' dir='ltr'>homines</span> <span class='ocrx_word' id='word_1_207' title='bbox 926 1923 1231 1982; x_wconf 74' lang='lat' dir='ltr'>integritatem</span> <span class='ocrx_word' id='word_1_208' title='bbox 1276 1934 1463 1970; x_wconf 85' lang='lat' dir='ltr'>naturae</span> 
     </span>
     <span class='ocr_line' id='line_1_27' title="bbox 57 1986 1467 2052; baseline 0.004 -18"><span class='ocrx_word' id='word_1_209' title='bbox 57 1987 452 2051; x_wconf 84' lang='lat' dir='ltr'>innocentiamque</span> <span class='ocrx_word' id='word_1_210' title='bbox 470 1989 588 2034; x_wconf 85' lang='lat' dir='ltr'>vitae</span> <span class='ocrx_word' id='word_1_211' title='bbox 606 1986 903 2034; x_wconf 81' lang='lat' dir='ltr'>conseruatam</span> <span class='ocrx_word' id='word_1_212' title='bbox 918 1990 971 2035; x_wconf 73' lang='lat' dir='ltr'>ad</span> <span class='ocrx_word' id='word_1_213' title='bbox 992 1987 1193 2052; x_wconf 87' lang='lat' dir='ltr'>posteros</span> <span class='ocrx_word' id='word_1_214' title='bbox 1212 1989 1467 2051; x_wconf 62' lang='lat' dir='ltr'>transmififi</span> 
     </span>
     <span class='ocr_line' id='line_1_28' title="bbox 58 2052 1465 2123; baseline 0.004 -23"><span class='ocrx_word' id='word_1_215' title='bbox 58 2052 167 2100; x_wconf 79' lang='lat' dir='ltr'>sent.</span> <span class='ocrx_word' id='word_1_216' title='bbox 244 2056 510 2111; x_wconf 87' lang='lat' dir='ltr'>Enimuero,</span> <span class='ocrx_word' id='word_1_217' title='bbox 549 2070 662 2118; x_wconf 81' lang='lat' dir='ltr'>quae</span> <span class='ocrx_word' id='word_1_218' title='bbox 679 2059 951 2118; x_wconf 86' lang='lat' dir='ltr'>comparatio</span> <span class='ocrx_word' id='word_1_219' title='bbox 971 2053 1034 2102; x_wconf 86' lang='lat' dir='ltr'>est</span> <span class='ocrx_word' id='word_1_220' title='bbox 1048 2060 1136 2104; x_wconf 88' lang='lat' dir='ltr'>Dei</span> <span class='ocrx_word' id='word_1_221' title='bbox 1157 2069 1290 2123; x_wconf 82' lang='lat' dir='ltr'>atque</span> <span class='ocrx_word' id='word_1_222' title='bbox 1306 2075 1465 2123; x_wconf 87' lang='lat' dir='ltr'>paren-</span> 
     </span>
     <span class='ocr_line' id='line_1_29' title="bbox 58 2120 1465 2191; baseline 0.004 -23"><span class='ocrx_word' id='word_1_223' title='bbox 58 2130 158 2168; x_wconf 86' lang='lat' dir='ltr'>tum</span> <span class='ocrx_word' id='word_1_224' title='bbox 176 2122 223 2167; x_wconf 89' lang='lat' dir='ltr'>in</span> <span class='ocrx_word' id='word_1_225' title='bbox 241 2122 330 2167; x_wconf 85' lang='lat' dir='ltr'>vita</span> <span class='ocrx_word' id='word_1_226' title='bbox 349 2120 601 2178; x_wconf 82' lang='lat' dir='ltr'>tribuenda,</span> <span class='ocrx_word' id='word_1_227' title='bbox 643 2121 795 2168; x_wconf 86' lang='lat' dir='ltr'>eadem</span> <span class='ocrx_word' id='word_1_228' title='bbox 816 2121 902 2170; x_wconf 80' lang='lat' dir='ltr'>effe</span> <span class='ocrx_word' id='word_1_229' title='bbox 929 2124 1062 2171; x_wconf 88' lang='lat' dir='ltr'>debet</span> <span class='ocrx_word' id='word_1_230' title='bbox 1086 2127 1132 2172; x_wconf 87' lang='lat' dir='ltr'>in</span> <span class='ocrx_word' id='word_1_231' title='bbox 1161 2126 1379 2191; x_wconf 90' lang='lat' dir='ltr'>potestate</span> <span class='ocrx_word' id='word_1_232' title='bbox 1407 2124 1465 2173; x_wconf 86' lang='lat' dir='ltr'>ab</span> 
     </span>
     <span class='ocr_line' id='line_1_30' title="bbox 56 2186 1467 2258; baseline 0.003 -22"><span class='ocrx_word' id='word_1_233' title='bbox 56 2188 143 2236; x_wconf 87' lang='lat' dir='ltr'>illo</span> <span class='ocrx_word' id='word_1_234' title='bbox 157 2186 377 2235; x_wconf 81' lang='lat' dir='ltr'>beneficio</span> <span class='ocrx_word' id='word_1_235' title='bbox 398 2199 519 2236; x_wconf 85' lang='lat' dir='ltr'>nata:</span> <span class='ocrx_word' id='word_1_236' title='bbox 572 2199 642 2245; x_wconf 87' lang='lat' dir='ltr'>vt,</span> <span class='ocrx_word' id='word_1_237' title='bbox 686 2200 857 2254; x_wconf 83' lang='lat' dir='ltr'>quanto</span> <span class='ocrx_word' id='word_1_238' title='bbox 878 2192 975 2256; x_wconf 78' lang='lat' dir='ltr'>plus</span> <span class='ocrx_word' id='word_1_239' title='bbox 990 2196 1091 2239; x_wconf 89' lang='lat' dir='ltr'>Deo</span> <span class='ocrx_word' id='word_1_240' title='bbox 1112 2211 1244 2257; x_wconf 88' lang='lat' dir='ltr'>quarn</span> <span class='ocrx_word' id='word_1_241' title='bbox 1270 2195 1467 2258; x_wconf 82' lang='lat' dir='ltr'>parenti·</span> 
     </span>
     <span class='ocr_line' id='line_1_31' title="bbox 59 2253 1469 2326; baseline 0.004 -23"><span class='ocrx_word' id='word_1_242' title='bbox 59 2253 144 2303; x_wconf 85' lang='lat' dir='ltr'>bus</span> <span class='ocrx_word' id='word_1_243' title='bbox 165 2254 421 2314; x_wconf 84' lang='lat' dir='ltr'>debeamus,</span> <span class='ocrx_word' id='word_1_244' title='bbox 458 2266 584 2303; x_wconf 81' lang='lat' dir='ltr'>tanto</span> <span class='ocrx_word' id='word_1_245' title='bbox 605 2260 746 2304; x_wconf 83' lang='lat' dir='ltr'>maior</span> <span class='ocrx_word' id='word_1_246' title='bbox 764 2261 858 2305; x_wconf 84' lang='lat' dir='ltr'>eius</span> <span class='ocrx_word' id='word_1_247' title='bbox 878 2261 923 2305; x_wconf 92' lang='lat' dir='ltr'>in</span> <span class='ocrx_word' id='word_1_248' title='bbox 942 2276 1024 2307; x_wconf 87' lang='lat' dir='ltr'>nos</span> <span class='ocrx_word' id='word_1_249' title='bbox 1054 2259 1244 2325; x_wconf 86' lang='lat' dir='ltr'>potestas</span> <span class='ocrx_word' id='word_1_250' title='bbox 1266 2269 1469 2326; x_wconf 77' lang='lat' dir='ltr'>putetur,¹</span> 
     </span>
     <span class='ocr_line' id='line_1_32' title="bbox 60 2320 1466 2391; baseline 0.004 -20"><span class='ocrx_word' id='word_1_251' title='bbox 60 2323 153 2371; x_wconf 81' lang='lat' dir='ltr'>hoc</span> <span class='ocrx_word' id='word_1_252' title='bbox 171 2320 262 2378; x_wconf 25' lang='lat' dir='ltr'>rest,</span> <span class='ocrx_word' id='word_1_253' title='bbox 310 2334 450 2380; x_wconf 77' lang='lat' dir='ltr'>tanta,</span> <span class='ocrx_word' id='word_1_254' title='bbox 500 2336 709 2387; x_wconf 86' lang='lat' dir='ltr'>quantam</span> <span class='ocrx_word' id='word_1_255' title='bbox 738 2328 922 2390; x_wconf 87' lang='lat' dir='ltr'>quisque</span> <span class='ocrx_word' id='word_1_256' title='bbox 947 2328 992 2374; x_wconf 91' lang='lat' dir='ltr'>in</span> <span class='ocrx_word' id='word_1_257' title='bbox 1023 2344 1137 2391; x_wconf 84' lang='lat' dir='ltr'>opus</span> <span class='ocrx_word' id='word_1_258' title='bbox 1168 2328 1296 2375; x_wconf 87' lang='lat' dir='ltr'>suum</span> <span class='ocrx_word' id='word_1_259' title='bbox 1328 2328 1466 2376; x_wconf 80' lang='lat' dir='ltr'>debet</span> 
     </span>
     <span class='ocr_line' id='line_1_33' title="bbox 61 2388 1465 2462; baseline 0.005 -24"><span class='ocrx_word' id='word_1_260' title='bbox 61 2388 246 2438; x_wconf 75' lang='lat' dir='ltr'>habere:</span> <span class='ocrx_word' id='word_1_261' title='bbox 299 2409 384 2455; x_wconf 91' lang='lat' dir='ltr'>qua</span> <span class='ocrx_word' id='word_1_262' title='bbox 403 2392 563 2446; x_wconf 89' lang='lat' dir='ltr'>maior,</span> <span class='ocrx_word' id='word_1_263' title='bbox 607 2394 747 2439; x_wconf 89' lang='lat' dir='ltr'>immo</span> <span class='ocrx_word' id='word_1_264' title='bbox 773 2396 845 2439; x_wconf 88' lang='lat' dir='ltr'>cui</span> <span class='ocrx_word' id='word_1_265' title='bbox 875 2411 955 2458; x_wconf 87' lang='lat' dir='ltr'>par</span> <span class='ocrx_word' id='word_1_266' title='bbox 974 2405 1050 2441; x_wconf 86' lang='lat' dir='ltr'>aut</span> <span class='ocrx_word' id='word_1_267' title='bbox 1070 2397 1261 2442; x_wconf 89' lang='lat' dir='ltr'>inueniri</span> <span class='ocrx_word' id='word_1_268' title='bbox 1279 2395 1465 2462; x_wconf 83' lang='lat' dir='ltr'>vspiam‚</span> 
     </span>
     <span class='ocr_line' id='line_1_34' title="bbox 60 2456 1465 2529; baseline 0.005 -24"><span class='ocrx_word' id='word_1_269' title='bbox 60 2468 142 2505; x_wconf 68' lang='lat' dir='ltr'>aut</span> <span class='ocrx_word' id='word_1_270' title='bbox 161 2460 345 2519; x_wconf 77' lang='lat' dir='ltr'>cogitari</span> <span class='ocrx_word' id='word_1_271' title='bbox 368 2458 485 2505; x_wconf 90' lang='lat' dir='ltr'>nulla</span> <span class='ocrx_word' id='word_1_272' title='bbox 503 2456 660 2522; x_wconf 85' lang='lat' dir='ltr'>potest.</span> <span class='ocrx_word' id='word_1_273' title='bbox 730 2464 898 2515; x_wconf 86' lang='lat' dir='ltr'>Quare,</span> <span class='ocrx_word' id='word_1_274' title='bbox 931 2459 963 2508; x_wconf 88' lang='lat' dir='ltr'><strong>fi</strong></span> <span class='ocrx_word' id='word_1_275' title='bbox 982 2461 1260 2525; x_wconf 75' lang='lat' dir='ltr'>parentibus,</span> <span class='ocrx_word' id='word_1_276' title='bbox 1287 2463 1320 2510; x_wconf 82' lang='lat' dir='ltr'>fi</span> <span class='ocrx_word' id='word_1_277' title='bbox 1342 2467 1465 2529; x_wconf 74' lang='lat' dir='ltr'>prin·</span> 
     </span>
     <span class='ocr_line' id='line_1_35' title="bbox 62 2524 1465 2590; baseline 0.006 -18"><span class='ocrx_word' id='word_1_278' title='bbox 62 2525 258 2589; x_wconf 74' lang='lat' dir='ltr'>cipibus,</span> <span class='ocrx_word' id='word_1_279' title='bbox 302 2524 333 2573; x_wconf 79' lang='lat' dir='ltr'>fi</span> <span class='ocrx_word' id='word_1_280' title='bbox 354 2526 544 2572; x_wconf 87' lang='lat' dir='ltr'>dominis</span> <span class='ocrx_word' id='word_1_281' title='bbox 566 2526 758 2589; x_wconf 86' lang='lat' dir='ltr'>denique</span> <span class='ocrx_word' id='word_1_282' title='bbox 776 2529 844 2573; x_wconf 89' lang='lat' dir='ltr'>ius</span> <span class='ocrx_word' id='word_1_283' title='bbox 864 2525 945 2584; x_wconf 87' lang='lat' dir='ltr'>est,</span> <span class='ocrx_word' id='word_1_284' title='bbox 994 2532 1172 2590; x_wconf 78' lang='lat' dir='ltr'>exigere</span> <span class='ocrx_word' id='word_1_285' title='bbox 1200 2551 1224 2577; x_wconf 85' lang='lat' dir='ltr'>a</span> <span class='ocrx_word' id='word_1_286' title='bbox 1252 2533 1334 2579; x_wconf 90' lang='lat' dir='ltr'>suis</span> <span class='ocrx_word' id='word_1_287' title='bbox 1366 2549 1465 2581; x_wconf 84' lang='lat' dir='ltr'>non</span> 
     </span>
     <span class='ocr_line' id='line_1_36' title="bbox 65 2592 1468 2657; baseline 0.007 -19"><span class='ocrx_word' id='word_1_288' title='bbox 65 2592 201 2639; x_wconf 84' lang='lat' dir='ltr'>modo</span> <span class='ocrx_word' id='word_1_289' title='bbox 220 2609 289 2649; x_wconf 92' lang='lat' dir='ltr'>ea,</span> <span class='ocrx_word' id='word_1_290' title='bbox 334 2611 446 2657; x_wconf 88' lang='lat' dir='ltr'>quae</span> <span class='ocrx_word' id='word_1_291' title='bbox 462 2595 645 2657; x_wconf 87' lang='lat' dir='ltr'>proprie</span> <span class='ocrx_word' id='word_1_292' title='bbox 663 2605 708 2639; x_wconf 91' lang='lat' dir='ltr'>et</span> <span class='ocrx_word' id='word_1_293' title='bbox 729 2592 964 2641; x_wconf 77' lang='lat' dir='ltr'>necessario</span> <span class='ocrx_word' id='word_1_294' title='bbox 985 2597 1221 2646; x_wconf 64' lang='lat' dir='ltr'>coniunfila</span> <span class='ocrx_word' id='word_1_295' title='bbox 1237 2599 1338 2647; x_wconf 90' lang='lat' dir='ltr'>sunt</span> <span class='ocrx_word' id='word_1_296' title='bbox 1358 2616 1468 2647; x_wconf 87' lang='lat' dir='ltr'>cum</span> 
     </span>
     <span class='ocr_line' id='line_1_37' title="bbox 66 2656 1465 2733; baseline 0.004 -26"><span class='ocrx_word' id='word_1_297' title='bbox 66 2656 156 2712; x_wconf 40' lang='lat' dir='ltr'>fuo—</span> <span class='ocrx_word' id='word_1_298' title='bbox 172 2662 386 2726; x_wconf 76' lang='lat' dir='ltr'>cuiusque</span> <span class='ocrx_word' id='word_1_299' title='bbox 414 2677 580 2724; x_wconf 78' lang='lat' dir='ltr'>genere</span> <span class='ocrx_word' id='word_1_300' title='bbox 608 2659 855 2727; x_wconf 82' lang='lat' dir='ltr'>potestatis,</span> <span class='ocrx_word' id='word_1_301' title='bbox 898 2661 971 2709; x_wconf 89' lang='lat' dir='ltr'>sed</span> <span class='ocrx_word' id='word_1_302' title='bbox 997 2665 1128 2714; x_wconf 81' lang='lat' dir='ltr'>etiam</span> <span class='ocrx_word' id='word_1_303' title='bbox 1155 2667 1256 2723; x_wconf 76' lang='lat' dir='ltr'>alia,</span> <span class='ocrx_word' id='word_1_304' title='bbox 1300 2666 1465 2733; x_wconf 82' lang='lat' dir='ltr'>quibus</span> 
     </span>
    </p>

    <p class='ocr_par' dir='ltr' id='par_1_4' title="bbox 1325 2737 1464 2801">
     <span class='ocr_line' id='line_1_38' title="bbox 1325 2737 1464 2801; baseline 0.014 -21"><span class='ocrx_word' id='word_1_305' title='bbox 1325 2737 1464 2801; x_wconf 82' lang='lat' dir='ltr'>pieta·</span> 
     </span>
    </p>
   </div>
  </div>
 </body>
</html>
