1682 3068
143 174 244 224 424
452 175 528 205 An
564 160 594 205 1.
629 173 763 205 con.
797 174 918 209 xxv.
970 175 1042 209 n}
1076 180 1242 210 nono

135 279 274 331 eidem
295 281 507 328 charisma
532 273 639 329 effet-
658 284 820 348 cuique
844 285 975 341 etiam
1003 285 1180 348 pietatis
1201 283 1316 334 eum·
1332 285 1432 335 [ηεξ
1452 298 1550 338 tum

141 350 324 398 *alienae
345 348 651 401 incendendae
670 363 715 398 et
736 352 925 400 alendae.
997 356 1175 400 Etenim
1199 370 1294 400 rem
1322 355 1381 402 ita
1398 356 1548 404 modo-

152 428 272 467 ratus
293 415 354 463 est
372 409 564 483 Spiritus
586 420 691 473 Dei,
725 429 776 483 vt
789 419 959 480 linguas
979 418 1179 469 fidelium
1198 421 1251 469 ad
1273 417 1552 487 loquendum

150 501 233 550 per
252 485 394 532 aliena
414 484 547 532 verba
566 483 762 534 fleSieret
782 489 827 533 in
848 487 989 544 sacris,
1024 499 1070 534 et
1089 489 1388 537 conuentibus
1409 491 1551 540 sacro-

146 569 250 602 rum
272 552 407 600 caussa
429 551 644 610 institutis,
677 552 781 601 cum
800 556 1022 603 sermones
1044 555 1202 604 fierent
1223 557 1280 603 de
1298 557 1431 605 rebus
1452 559 1551 607 reli·

145 618 299 683 giosis,
330 621 568 684 scripturae
585 622 842 684 legerentur
860 633 935 672 cet.
965 621 1137 681 deinde,
1169 636 1216 672 vt
1236 637 1553 686 argumentum

146 689 368 736 orationis
379 687 486 736 esset
505 699 654 737 totum
674 692 725 736 in·
743 692 987 755 precando,
1007 703 1055 738 et
1074 696 1173 739 Deo
1196 693 1437 752 laudando,
1458 694 1551 743 eius

147 755 387 821 operibus,
423 755 634 813 decretiS,
677 757 903 806 beneficiis
933 776 1014 823 per
1033 758 1252 807 Christum
1274 778 1551 811 commemo·-

147 823 305 874 randis.
381 823 429 871 Id
449 827 506 872 ita
525 825 670 881 fuisse,
710 837 833 890 patet
851 826 1058 875 omnibus
1086 829 1194 874 locis
1214 831 1552 893 Scripturarum,

148 894 196 940 in
217 890 379 956 quibus
400 893 495 939 eius
525 896 591 941 rei
612 892 674 942 est
693 896 1088 950 commemoratio,
1131 897 1333 961 inprimis
1362 897 1461 946 Αὲἴ.
1480 902 1550 947 II.

152 974 174 1006 1
203 960 301 1007 Cor.
321 960 453 1008 XIV
519 964 639 1009 Nam
660 962 703 1008 in
726 962 803 1009 illo
824 961 1003 1026 quidem
1019 965 1253 1025 μεγαλεῖα
1273 965 1329 1014 τῦ
1351 964 1438 1015 Θεὲ
1453 966 1553 1013 sunt

145 1026 266 1075 haud
303 1026 433 1074 dubie
474 1028 622 1077 laudes
651 1028 849 1086 diuinae,
913 1047 1024 1094 quas
1059 1030 1284 1078 celebrant
1298 1049 1363 1079 ex
1394 1034 1553 1080 ordine

145 1104 326 1149 omnm,
370 1099 415 1141 in
437 1097 575 1144 altero
597 1107 747 1143 autem
769 1099 828 1143 ita
848 1097 1017 1143 clarum
1036 1096 1117 1152 est,
1151 1105 1302 1146 'totum
1323 1099 1476 1148 referri
1500 1100 1554 1147 ad

106 1220 108 1227 Ι
146 1162 302 1210 orandi
322 1172 367 1209 et
388 1162 590 1211 laudandi
613 1165 698 1210 Dei
715 1166 954 1220 rationem,
991 1175 1038 1211 vt
1056 1166 1169 1212 nibil
1195 1165 1340 1228 supra:
1384 1169 1436 1217 ‘o
1464 1176 1552 1218 λα,-

146 1230 246 1284 λειῖν,
284 1232 426 1293 inquit
445 1229 695 1296 Apostolus,
725 1250 762 1279 v.
790 1247 860 1289 13.
895 1233 948 1288 τῆ
970 1229 1179 1299 γλώσσῃ,
1209 1235 1553 1297 vrgao-cuffesstein,

147 1299 217 1348 aa
245 1291 494 1366 διερμηνεύῃ.
580 1298 676 1349 'adv
703 1298 795 1365 γοὶξ
825 1290 1139 1368 πςοᾶ-εύχωμαᾳ
1165 1299 1216 1368 τῇ
1240 1299 1557 1371 ymbe-cylon·

149 1367 236 1428 Qui
253 1368 393 1430 lingua
414 1371 547 1416 aliena
569 1369 777 1432 loquitur,
812 1379 908 1416 oret
928 1369 1071 1417 Deum
1084 1405 1095 1424 ,
1122 1379 1170 1417 vt
1189 1379 1230 1417 et
1249 1374 1556 1433 interpretandi

146 1438 230 1483 vim
251 1437 452 1495 accipiat.-
495 1438 649 1502 namsi
674 1454 789 1484 orem
808 1437 940 1483 aliena
961 1439 1101 1502 lingua
1119 1446 1191 1484 cet.
1273 1437 1426 1496 Vides,
1467 1447 1556 1488 λει-

146 1500 235 1550 adv
255 1503 308 1570 τῇ
326 1499 522 1572 ’γλώσ-σῃ
544 1514 590 1549 et
610 1499 925 1569 πςοσεύχεςθας
945 1512 1025 1566 γλ.
1047 1508 1310 1569 permutari:
1355 1505 1477 1570 quod
1495 1503 1558 1553 est

144 1570 429 1635 perspicuum
450 1581 782 1631 argumentum,
804 1572 866 1618 nil
887 1571 1090 1621 differre:
1123 1574 1251 1637 eique
1269 1574 1555 1621 consentiunt

148 1647 295 1685 cetera
322 1640 498 1695 onmia,
543 1656 581 1685 v.
607 1655 675 1696 15.
706 1647 775 1686 16.
798 1649 882 1687 cet.
961 1643 1018 1686 Et
1043 1640 1158 1687 haee
1175 1639 1352 1704 quidem
1381 1639 1438 1687 de
1465 1639 1565 1703 fine·

148 1715 196 1753 et
217 1705 291 1751 vsu
322 1705 454 1752 huius
474 1705 739 1753 charismatis
759 1703 871 1753 dista
900 1706 1042 1753 suntts
1065 1705 1217 1765 restat,
1258 1717 1307 1754 vt
1327 1707 1383 1754 de
1413 1708 1554 1756 modo

146 1783 194 1822 et
210 1771 355 1821 forma
375 1775 471 1821 eius
491 1789 752 1839 quaeramus
764 1807 778 1829 ,
811 1772 966 1822 iisdem
986 1773 1186 1823 ducibus.

243 1904 483 1954 Videamus
505 1908 699 1970 primum
720 1908 920 1972 exempla
941 1908 1308 1972 accipientiumid
1325 1906 1554 1975 χάρισμα,

146 1974 194 2022 in
216 1973 375 2038 quibus
399 1973 606 2021 omnibus
627 1975 892 2036 intelligitur
913 1987 1062 2022 motus
1081 1973 1262 2039 ‘quidam
1281 1974 1511 2042 imprefftis
1530 1978 1557 2025 α’

147 2043 317 2104 Spiritu
339 2040 506 2099 fausto,
546 2044 716 2103 linguas
746 2054 792 2089 et
821 2060 897 2090 ora
930 2040 1149 2090 flestentis
1168 2043 1222 2091 ad
1250 2043 1426 2092 laudem
1449 2043 1558 2092 diui-

146 2125 252 2156 nam
283 2120 366 2174 p'er
386 2111 476 2157 vias
508 2127 652 2157 nouas
682 2120 728 2157 et
754 2112 1030 2172 incognitas,
1070 2111 1160 2158 hoc
1190 2110 1273 2167 est,
1312 2130 1393 2179 per
1419 2113 1556 2160 verba

145 2178 303 2236 ignota
325 2187 371 2224 et
390 2178 506 2225 nulla
526 2176 822 2234 institutione,
867 2181 993 2226 nullo
1014 2177 1092 2226 vsu
1113 2189 1271 2243 parata.
1340 2185 1459 2228 Nam
1479 2196 1556 2226 eo·

151 2245 254 2291 dem
278 2244 415 2292 modo
437 2263 505 2291 res
531 2247 814 2311 exprimitur,
853 2264 942 2312 quo
962 2245 1014 2295 fit
1040 2248 1084 2293 in
1105 2248 1317 2312 exemplis
1337 2247 1390 2294 ab
1409 2245 1558 2294 afflatu

148 2311 303 2360 diuino
337 2323 523 2375 repente
552 2315 860 2377 loquentium,
916 2329 1028 2378 quae
1054 2311 1135 2378 ipfi
1163 2330 1257 2361 non
1287 2313 1560 2377 cogitassent,

155 2389 233 2426 aut
251 2379 539 2428 meditatione
568 2381 638 2427 sua
658 2379 999 2446 praeparassent,
1035 2393 1084 2428 vt
1104 2384 1209 2430 Luc.
1229 2384 1266 2434 I,
1286 2399 1364 2444 41.
1387 2399 1461 2439 42.
1482 2386 1559 2438 67.

158 2447 458 2511 dicunturque
487 2451 662 2510 Vtrique
688 2450 808 2514 pleni
836 2452 1023 2514 Spiritus
1051 2447 1197 2496 fastis
1233 2467 1318 2496 nec
1347 2447 1467 2496 aliud
1497 2446 1559 2495 est

157 2513 416 2561 discriminis
445 2517 490 2575 in
511 2527 702 2580 vtroque
730 2534 916 2578 genere,
956 2533 1114 2581 quam,
1156 2517 1278 2582 quod
1304 2517 1371 2564 his
1399 2516 1476 2563 suo
1513 2526 1560 2562 et

150 2591 271 2633 ,noto
309 2581 511 2630 sermone
540 2582 785 2638 subiicitur,
841 2584 963 2643 quod
1000 2583 1168 2642 dicant,
1215 2585 1300 2631 illis
1337 2585 1480 2630 alieno
1511 2596 1562 2648 et„

157 2647 332 2712 ignoto·
402 2651 554 2698 Paullo
576 2652 703 2699 aliter
719 2669 788 2700 res
811 2650 903 2701 aaa
925 2650 1048 2700 estin
1071 2653 1135 2709 iis,
1155 2653 1231 2718 qui
1251 2665 1343 2699 non
1362 2653 1559 2716 primum

1392 2735 1557 2783 incipe·
