1682 3068
187 151 288 204 508
460 158 524 188 nn:
556 156 823 189 avaluna
860 157 1282 190 uccmtsmsrch

188 261 293 310 tasse
332 261 384 310 ab
406 262 479 310 illa
508 260 760 311 necessitate
791 260 1072 328 'relinquendi
1112 264 1184 311 sua
1210 262 1408 312 Ecclesiis
1436 264 1589 316 libera.-

189 331 269 388 bit,
302 333 390 394 qui,
422 341 470 377 vt
500 329 590 394 ipse
610 333 679 386 ait,
714 347 807 378 non
838 330 1014 388 habent,
1047 332 1170 395 quod
1199 331 1372 379 necesse
1401 331 1452 380 sit
1479 332 1593 380 redi-

189 416 317 447 mere
362 400 599 458 largitate‘?
665 402 812 446 Immo
849 416 955 448 vero
991 399 1135 446 eidem
1184 399 1422 448 necessitati
1464 400 1590 448 subii·

191 470 264 514 cit.
343 468 540 512 Primum
577 468 804 514 neminem
833 465 930 522 effe,
965 468 1027 514 ita
1051 464 1268 523 sanetum,
1312 479 1362 515 vt
1382 485 1474 515 non
1505 469 1591 515 sae·

189 553 252 600 pe
292 534 464 580 labatur
499 544 547 580 et
584 533 849 598 delinquat,
878 551 1064 597 eamque
1101 534 1160 582 ob
1197 533 1384 583 caussam
1421 532 1590 582 necesse

189 601 351 653 habeat
381 601 520 648 futuri
552 603 761 648 examinis
793 602 1066 650 tremendam
1098 601 1395 650 neceffitatem
1425 615 1591 654 metue·

190 687 254 718 re.
323 673 477 733 Itaque
508 669 617 715 nihil
646 667 744 728 esse,
777 687 850 719 cur
882 689 963 718 non
995 674 1096 718 totis
1112 670 1375 734 sufflamine
1391 670 1500 734 fieae
1527 674 1591 717 vi·

193 741 315 788 ribus
353 743 410 784 ad
450 740 495 783 id
519 740 695 792 nitatur,
764 747 811 784 vt
852 739 922 785 vel
956 743 1110 786 mortis
1150 743 1366 786 deuotione
1398 742 1590 792 redimat,
1655 775 1682 815 ,Χ

193 809 385 871 quicqu-id
413 808 525 851 vitae
560 805 772 871 offerfione
807 810 1079 854 contraxerit.
1163 805 1360 860 Deinde,
1428 801 1592 852 etiamst

191 874 434 940 praeterita
466 882 637 934 peccata
669 889 761 918 non
794 869 901 929 fint,
938 891 1043 936 quae
1074 884 1270 936 oporteat
1296 878 1418 920 rebus
1445 872 1593 920 cunffls

191 945 392 991 redimere
402 958 420 993 ,·
486 937 570 985 effe
599 950 747 985 tamen
774 942 984 1004 perennia
1011 940 1149 995 bona,
1177 939 1456 1005 exspeklanda
1486 939 1594 987 scili-

194 1019 268 1055 cet
287 1011 330 1056 in
358 1009 447 1053 vita
477 1009 625 1062 altera,
660 1023 772 1070 quae
801 1022 950 1072 magno
982 1015 1182 1069 oporteat
1213 1018 1478 1071 comparare,
1510 1021 1593 1052 nec

187 1077 300 1124 vllas
330 1075 502 1122 diuitias
530 1073 617 1120 esse
654 1084 819 1129 tantas,
887 1090 999 1138 quae
1037 1089 1131 1121 non
1168 1074 1306 1137 longe
1335 1073 1591 1138 exsuperen-

192 1155 272 1190 tur
313 1142 572 1188 diuitiarum
611 1139 866 1188 coelestium
916 1140 1240 1204 magnitudine:
1310 1158 1402 1206 quo
1445 1143 1595 1188 minus

192 1211 395 1258 dubitare
425 1225 691 1274 quemquam
719 1206 904 1266 debere,
943 1225 1016 1257 eas
1049 1209 1273 1258 vniuersas
1300 1225 1386 1276 pro
1415 1209 1467 1256 iis
1494 1224 1597 1276 pro·

191 1278 394 1328 fundere.

333 1411 466 1459 Liber
494 1427 633 1476 porro
661 1411 821 1457 tertius
850 1410 1042 1458 versatur
1064 1412 1110 1457 in
1136 1408 1352 1459 diluendis
1372 1410 1445 1468 iis,
1480 1425 1594 1475 quae

196 1497 302 1529 cum
333 1481 477 1545 specie
505 1480 647 1542 aliqua
676 1479 760 1524 dici
790 1489 944 1526 contra
971 1477 1156 1544 poffint:
1191 1481 1237 1526 in
1266 1479 1441 1544 primis,
1473 1476 1597 1542 quod

194 1548 276 1598 ista
318 1547 601 1612 philosophia
637 1557 811 1610 pugnet
851 1562 955 1593 cum
987 1548 1151 1611 pietate
1184 1545 1390 1595 aduersus
1419 1543 1595 1594 liberos,

193 1619 281 1668 Cui
301 1617 364 1662 rei
384 1618 442 1661 ita
471 1616 667 1661 occurrit
698 1615 839 1661 homo
860 1615 1185 1679 hypocriticuS,
1216 1625 1265 1663 vt
1297 1613 1430 1670 dicat,
1470 1615 1514 1660 in
1544 1613 1595 1658 iis

198 1682 282 1732 esse
309 1681 508 1730 vmbram
539 1682 933 1735 excusatiunculae,
977 1681 1155 1728 dantem
1183 1698 1260 1728 reo
1296 1680 1599 1746 deprecatiun-

197 1753 322 1800 culae
351 1750 564 1813 speciem,
612 1765 706 1795 non
739 1759 884 1795 reatus
913 1748 1211 1796 securitatem:
1281 1751 1369 1795 Dei
1399 1762 1599 1796 amorem

198 1822 331 1867 etiam
369 1815 609 1864 liberorum
647 1818 789 1861 amori
827 1815 1198 1880 praeponendum
1243 1814 1329 1863 effe
1373 1814 1427 1863 de
1469 1830 1597 1880 prae·

198 1898 334 1953 cepto
366 1881 549 1932 Christi:
589 1882 747 1930 deinde
773 1882 834 1930 sui
864 1899 1093 1949 quemque
1117 1880 1251 1950 ipsius
1279 1885 1496 1931 rationem
1523 1880 1597 1929 de·

195 1956 304 2004 bere
334 1954 561 2017 potiorem
590 1950 771 2008 ducere,
817 1968 952 2015 quarn
990 1949 1238 1999 liberorum
1273 1961 1349 1998 aut
1382 1959 1598 2012 cognato·

197 2039 302 2071 rum
333 2022 692 2083 amicorumque,
727 2034 811 2065 nec
837 2029 927 2065 tam
959 2034 1139 2076 curare,
1179 2028 1228 2066 vt
1261 2019 1330 2066 alii
1354 2015 1471 2069 bene
1531 2012 1599 2063 ost

196 2092 243 2140 se
275 2091 453 2145 viuant,
499 2085 571 2133 sed
600 2102 732 2149 quam
763 2087 877 2133 male
904 2089 1150 2135 moriturus
1180 2085 1274 2152 ipse
1301 2084 1372 2134 fit:
1439 2033 1596 2133 migra·

197 2157 330 2206 bilius
363 2154 469 2211 esse,
517 2151 548 2199 si
576 2157 682 2216 quid
710 2152 814 2200 filiis
842 2154 915 2200 hie
946 2153 1071 2212 desit,
1117 2169 1245 2218 quam
1275 2151 1305 2200 fi
1335 2150 1598 2220 parentibus

199 2229 247 2274 in
273 2225 448 2278 futuro,
487 2219 518 2268 fi
539 2222 600 2267 illi
627 2220 710 2268 fint
741 2222 817 2268 hic
844 2226 889 2267 in
919 2223 1148 2278 tenuitate,
1178 2235 1312 2286 quam
1342 2220 1374 2268 fi
1391 2222 1599 2286 parentet

198 2297 248 2342 in
285 2302 467 2339 aeterna
510 2305 603 2335 non
643 2287 782 2335 modo
824 2300 1099 2352 paupertate,
1166 2287 1239 2334 sed
1273 2289 1412 2336 etiam
1439 2296 1598 2358 poeny.

200 2365 331 2410 Haec
359 2357 432 2406 vbi
465 2356 752 2412 declamauit,
792 2357 1021 2403 inuehitur
1054 2357 1100 2403 in
1133 2364 1338 2420 parentes
1366 2371 1470 2414 eos,
1495 2355 1600 2419 *qui

202 2426 471 2474 testamentis
505 2424 605 2488 plus
643 2423 896 2486 relinquant
925 2422 1023 2471 filiis
1049 2425 1226 2471 ciuilem
1253 2427 1388 2471 vitam
1413 2422 1598 2488 sequen-

202 2495 346 2547 tibus,
397 2507 531 2557 quam
563 2492 641 2554 qui
670 2489 954 2538 monasticam
983 2492 1168 2555 amplexi
1195 2488 1300 2548 sint,
1360 2491 1599 2538 hisfeetiam

206 2559 435 2618 interdum
471 2557 593 2615 vsum
629 2568 804 2607 tantum
834 2560 970 2626 partis
1009 2557 1292 2622 destinatae„
1328 2573 1423 2606 non
1448 2557 1601 2622 ipsam.

1549 2627 1599 2671 In
