1682 3068
141 110 171 148 2
183 94 243 145 16
442 110 728 143 vmmcnu:
765 110 1023 146 Α-ιυιτιιῐι
1065 115 1278 152 ωνικιτ,

140 219 272 276 luce,
305 216 534 264 extiterint
552 216 789 282 permulti,
815 227 864 267 vt
881 220 1106 282 Pelagiani
1127 221 1256 279 olim,
1291 226 1548 274 recentiori·

146 285 233 335 bus
251 285 529 348 temporibus
549 287 791 341 Sociniani‚
831 290 1102 344 Arminiani,
1142 299 1272 353 atque
1299 293 1432 340 etiam
1463 294 1551 350 alii,

149 354 225 418 qui
243 352 404 400 eodem
425 349 563 402 modo
585 351 886 401 offenderent:
941 359 987 403 in
1011 357 1079 403 his
1103 359 1260 413 etiam,
1299 359 1377 422 qui
1396 371 1550 409 contra

157 422 413 476 Dndalium,
464 429 510 477 et
541 421 761 482 religionis
790 419 1019 472 essentialis
1045 422 1300 472 -Austorem
1334 425 1551 491 scripsere.

146 490 411 554 Praecipua,
451 498 498 534 vt
522 489 631 536 mihi
662 489 840 553 quidem
869 491 1066 546 videtur,
1108 490 1247 540 caussa
1276 496 1439 540 erroris
1466 493 1554 542 fuit

152 557 285 613 haec,
317 554 441 620 quod
458 555 692 620 scriptores
712 561 872 606 veteris
892 557 1184 618 Testamenti,
1219 562 1321 624 quia
1343 571 1438 609 tum
1459 572 1556 609 erat

155 623 373 689 οἰκονομία
391 625 447 674 v}
466 620 592 686 νόμε,
634 625 798 672 referre
825 626 969 674 solent
990 627 1204 674 summam
1230 630 1343 675 vitae
1375 631 1470 693 piae
1499 627 1554 675 ad

155 693 270 753 legis
302 689 681 748 obseruationem,
718 710 814 740 -nec
843 695 901 740 ita
928 694 1085 742 diserte
1110 693 1245 742 fidem
1273 698 1319 742 in
1348 694 1553 744 Meffiam

156 770 534 816 commemorant,
565 759 634 807 sed
655 760 746 807 fere
770 759 957 808 effestus
977 765 1074 810 eius
1092 773 1284 826 ponunt,
1313 774 1360 810 et
1381 762 1555 812 frustus

159 838 306 876 certos
332 843 383 874 ac
402 825 662 875 necessarios
675 863 686 882 ,
723 846 808 894 pro
830 825 992 888 caussa,
1023 829 1147 893 quod
1168 847 1194 876 e
1213 830 1441 894 disciplina
1457 832 1556 879 reli·

150 898 304 961 ‘gionis
324 895 520 953 vniuersa
548 894 790 953 constaret,
833 913 933 943 cum
956 899 1191 954 virtutum,
1235 910 1281 944 et
1298 908 1557 963 praecepto·

156 981 262 1014 rum
282 962 536 1010 diuinorum
554 965 624 1009 vel
654 962 970 1011 seruandorum
999 965 1070 1013 vel
1096 965 1365 1013 seruaturum
1386 968 1556 1014 mentio

158 1030 311 1086 fieret,
352 1033 398 1078 in
424 1047 480 1077 eo
510 1028 645 1077 fidem
666 1031 721 1077 de
750 1032 886 1079 salute
915 1049 997 1096 per
1016 1030 1215 1079 Meffiam
1242 1031 1449 1097 speranda
1480 1033 1558 1080 sua

161 1099 323 1164 sponte
341 1099 545 1159 intelligi.
623 1101 758 1145 Cuius
789 1102 962 1160 generis
983 1101 1188 1164 exempla
1205 1101 1395 1164 plurima
1424 1102 1558 1148 etiam

148 1169 207 1217 in
229 1171 290 1214 N.
308 1170 366 1213 T.
385 1164 506 1212 libris
525 1176 788 1220 occurrunt,
824 1177 872 1213 vt
893 1169 936 1212 in
968 1167 1068 1214 loco
1087 1165 1244 1227 insigni
1266 1168 1362 1215 Gal.
1384 1170 1460 1222 vl,
1487 1183 1557 1225 ις.

162 1235 266 1283 coll.
290 1237 345 1290 V,
378 1239 421 1282 6.
523 1238 642 1280 Nam
671 1236 804 1280 etiam
835 1231 1146 1298 Christus.·ipse
1173 1233 1563 1295 interrogantibus,

162 1300 274 1367 quid
301 1299 476 1362 agendo
504 1301 724 1348 felicitatis
754 1298 952 1347 coelestis
989 1301 1113 1365 spem
1142 1311 1306 1349 certam
1333 1300 1561 1358 haberent,

163 1371 312 1431 legem
331 1367 662 1422 seruareiuffit,
698 1369 947 1430 intelligens
966 1367 1033 1423 id,
1073 1367 1273 1432 sine¹quo
1303 1369 1371 1415 lex
1403 1368 1563 1420 seruari

163 1454 260 1485 non
291 1434 456 1502 potest,
501 1437 544 1483 h.
564 1454 601 1482 e.
630 1433 776 1482 fidem.
876 1439 941 1482 Ita
971 1437 1120 1484 saltem
1150 1435 1464 1498 intelligendus
1498 1432 1563 1483 est

70 1544 76 1549 .
163 1507 292 1554 locus
311 1503 366 1550 de
383 1503 626 1551 miserando
647 1505 809 1550 iuuene
824 1503 900 1550 illo
912 1505 1214 1552 Matth.X1X.
1233 1511 1288 1554 16
1298 1505 1370 1568 sq.
1391 1507 1562 1568 (neque

164 1572 461 1635 enim-placet
485 1572 648 1626 ironia,
717 1587 829 1635 quae
856 1581 902 1616 et
930 1570 1005 1617 hic
1031 1581 1078 1616 et
1106 1571 1190 1617 alio
1217 1571 1319 1617 loco
1345 1570 1480 1618 ineflc
1513 1572 1563 1618 in

160 1637 323 1687 christi
345 1637 484 1685 verbis
504 1638 641 1696 vulgo
661 1641 860 1700 putatur)
879 1638 962 1701 qui'
977 1653 1080 1683 curn
1101 1637 1143 1683 se
1161 1636 1398 1700 respondet
1416 1639 1565 1698 legem

164 1703 350 1755 seruasse
368 1722 391 1751 a
410 1721 549 1769 puero
582 1707 606 1765 (
617 1700 728 1752 ficut
746 1704 879 1751 Iobus
892 1739 904 1758 ‚
935 1704 1097 1751 nullius
1122 1702 1198 1751 fibi
1221 1704 1262 1750 se
1282 1706 1439 1770 culpae
1458 1704 1564 1752 inde

167 1791 192 1823 a
220 1773 370 1838 pueris
396 1771 642 1825 conscium,
678 1771 870 1831 dixerat)
900 1772 945 1817 in
973 1789 1027 1818 eo
1058 1771 1151 1835 ipso
1180 1770 1313 1820 fidem
1340 1773 1564 1837 supponit,

166 1842 272 1905 quia
292 1856 396 1886 vere
416 1837 662 1903 respondet.
726 1844 893 1902 Neque
914 1840 1031 1885 enim
1052 1840 1166 1886 mihi
1186 1839 1445 1903 persuadere
1464 1838 1564 1904 pos·

166 1908 286 1963 sum,
322 1909 367 1954 in
390 1907 741 1967 interrogatione
760 1907 979 1954 hominis:
1010 1907 1057 1954 τί
1068 1905 1262 1966 ποιήσω,
1291 1911 1392 1972 quid
1398 1907 1564 1971 facien-

168 1981 264 2026 dum
291 1977 391 2022 mihi
408 1975 488 2044 est,
522 1971 753 2022 necessario
774 1973 906 2020 inesse
926 1974 1157 2037 superbam
1175 1972 1564 2039 opinionem-salu-

167 2045 224 2092 tis
243 2059 322 2108 per
332 2043 488 2102 *legem
506 2041 852 2104 consequendae,
872 2058 973 2088 cum
994 2053 1041 2088 et
1061 2042 1151 2106 ipse
1170 2042 1228 2092 ad
1245 2058 1386 2103 genua
1406 2039 1566 2089 Christi

167 2111 438 2177 prouolutus
457 2112 597 2158 Marc.
614 2110 676 2161 X,
701 2125 769 2167 17.
805 2107 1053 2157 modestum
1073 2111 1271 2158 animum
1291 2107 1500 2165 ostendat,
1518 2116 1566 2157 et

168 2177 364 2227 {imiliter
390 2180 638 2238 interroget
664 2175 867 2237 magister
896 2179 1083 2224 carceris
1109 2177 1206 2226 Aa.
1227 2177 1369 2234 XVI,
1399 2191 1474 2232 30.
1516 2184 1566 2224 et

168 2256 317 2293 vtatur
337 2244 474 2292 verbo
495 2245 774 2312 κληςονομᾶν,
801 2245 846 2291 in
867 2261 972 2308 que,
1004 2245 1160 2292 dicunt
1177 2243 1339 2305 vulgo,
1365 2239 1450 2289 esse
1469 2257 1567 2303 gra-

169 2315 271 2360 tuiti
282 2311 492 2360 beneficii
505 2311 892 2374 significationem:
927 2314 1055 2367 autin
1067 2311 1275 2376 responso
1286 2308 1566 2358 instationoen

166 2382 359 2437 inanem,
388 2382 516 2427 cuius
533 2381 670 2442 vulgo
693 2378 924 2432 accusatur,
943 2396 1045 2426 cum
1070 2376 1266 2428 Christus
1287 2395 1390 2426 eum
1409 2373 1567 2425 amasse

140 2468 141 2475 ¹
168 2450 265 2496 eius
281 2450 346 2495 rei
369 2446 503 2495 caussa
527 2447 694 2496 dicatur
711 2449 846 2495 Marc.
867 2448 929 2501 X,
947 2463 974 2492 2
986 2461 1023 2492 1.
1059 2448 1106 2494 in
1125 2464 1218 2511 quo
1240 2445 1393 2493 misere
1412 2444 1455 2494 se
1472 2455 1566 2491 tor-

169 2526 311 2580 quent
329 2517 618 2580 interpretes,
654 2527 831 2562 tenaces
854 2515 1074 2579 opinionis
1093 2514 1306 2576 vulgariS,
1343 2512 1400 2560 de
1419 2512 1566 2575 super·

170 2580 241 2634 bia
257 2583 377 2633 inani
395 2583 619 2641 hominis3
651 2599 755 2633 cum
775 2582 913 2646 longe
931 2579 1049 2632 aliud
1068 2579 1136 2642 fit,
1165 2583 1214 2632 in
1232 2596 1324 2648 quo
1343 2580 1475 2630 miser
1493 2579 1568 2627 ille

1415 2662 1570 2715 pecca·
