1682 3068
1449 52 1464 73 N

217 143 316 206 468
354 156 633 188 NARRATIO
668 157 894 187 cru-rum
932 148 996 187 nit
1027 147 1551 195 metaurus-terrore:

323 267 380 311 Et
403 263 618 311 Lutlzerus
635 261 818 325 quidem
839 263 940 327 ipse,
975 262 1051 312 etli
1075 267 1117 311 in
1139 268 1486 323 Commentariis,
1508 286 1620 333 quos

221 331 274 380 ad
306 331 403 377 vsus
437 330 662 394 populare·
699 328 875 395 scriplit‚
906 342 954 377 vt
974 334 1015 378 in
1037 333 1243 390 PsalmOS,
1276 345 1469 381 veterem
1492 340 1622 384 ratio-

222 415 328 447 nem
370 399 590 463 sequitur,
628 415 762 461 quam
801 416 827 445 e
862 397 1087 464 disciplina
1114 399 1341 461 Augustini
1382 416 1623 463 acceperat,

221 461 450 528 allegoria>
475 464 761 512 tractantem:
795 476 942 513 tamen
963 468 1250 523 intelligebat,
1282 470 1532 530 vulgaribus
1560 474 1626 519 in-

222 532 619 598 terpretationibus
643 533 915 598 propheticis
949 533 1002 580 ad
1027 533 1243 582 christum
1264 537 1475 600 quaedam
1496 539 1623 595 trahi,

225 619 339 668 quae
369 599 609 648 secundum
637 612 888 648 accuratum
921 601 1126 649 iudicium
1148 620 1203 650 eo
1223 620 1315 650 non
1335 607 1624 668 pertinerent,

225 682 276 720 vt
306 689 356 716 ex
385 666 578 733 epistolis
604 671 697 716 eius
727 668 809 716 alio
843 678 1052 735 tempore
1091 675 1540 720 commemorauimus
1565 679 1622 736 ¹⁸³).

227 737 314 788 Sed
344 747 524 784 exortus
552 733 743 783 estmox
771 753 864 783 non
894 755 1055 799 paruus
1084 755 1296 786 numerus
1327 751 1626 805 interpretum

225 806 612 872 propheticorum,
645 804 752 851 Phil.
774 805 1092 862 Melanehthon,
1126 811 1307 855 Aretius
1326 810 1506 866 Pelium,
1539 811 1566 855 i.
1587 825 1628 856 e.

227 876 368 923 Mart.
389 874 583 926 Bucerus,
617 871 971 932 oecolampadius,
1001 874 1240 929 pellicanus,
1272 877 1496 932 Masculus,
1532 877 1630 924 Cal·

219 946 362 997 vinus,
398 940 602 1054 {fiamus
622 941 899 1004 Rudingerus‚
936 938 990 985 de
1019 957 1214 1004 quorum
1241 942 1457 990 methodo
1483 942 1630 991 dicen-

231 1009 336 1057 dum
357 1010 399 1054 vi
433 1019 542 1053 etur.

327 1073 770 1132 Melanchtlzonigitur
790 1072 984 1135 primum
996 1072 1113 1120 illam
1134 1083 1334 1122 veterum
1355 1077 1550 1138 regulam
1570 1078 1631 1125 sa-

229 1142 516 1194 luberrimam
546 1150 594 1186 et
625 1138 885 1186 veriffimam
911 1140 1122 1200 agnoscit,
1159 1153 1205 1188 et
1223 1142 1404 1190 subinde
1424 1145 1631 1200 inculcat,

227 1212 483 1273 Prophetas
517 1208 650 1254 rebus
679 1205 893 1254 historicis
925 1206 1103 1256 suorum
1135 1221 1390 1274 temporum
1410 1222 1456 1257 et
1476 1212 1632 1258 huma·

231 1282 301 1328 nis
329 1277 576 1324 immiscere
605 1292 674 1321 res
704 1273 897 1331 Meffiae,
931 1286 978 1322 et
1009 1274 1316 1340 promissiones
1338 1278 1394 1324 de
1414 1279 1567 1326 Meffia
1585 1289 1633 1326 et

223 1349 329 1395 ‚eius
358 1344 511 1398 bonis,
550 1340 741 1391 Ecclesia
768 1354 851 1390 cet.
882 1360 920 1387 v.
948 1348 1280 1403 Argumentum
1312 1349 1458 1394 Ierem.
1492 1349 1538 1394 1?
1563 1350 1632 1395 II.

235 1433 331 1478 opp.
349 1432 393 1474 p.
411 1423 522 1475 408.
544 1420 585 1458 et
602 1414 920 1459 admonitionem
939 1415 987 1458 de
1006 1413 1320 1460 hebdomadibus
1331 1416 1447 1462 Dan.
1458 1433 1506 1476 p.
1521 1418 1634 1476 464.

228 1483 377 1547 praef
412 1485 468 1528 ad
486 1480 611 1529 Zach.
640 1495 682 1542 p.
701 1494 812 1541 533.
839 1477 910 1524 vbi
938 1478 1054 1534 dicit,
1089 1477 1173 1525 else
1192 1479 1526 1538 obseruandum,
1560 1482 1635 1528 vbi

237 1550 293 1597 de
316 1550 386 1596 sua
407 1548 560 1612 politia
580 1547 815 1608 loquatur-3
845 1562 930 1592 nec
948 1545 1116 1603 necess‘e
1136 1546 1223 1594 else
1240 1551 1389 1596 omnia
1408 1551 1452 1596 in
1473 1550 1634 1608 allego-

236 1621 327 1666 rias
353 1614 655 1662 transformari
675 1612 723 1659 et
739 1613 792 1660 ad
813 1611 1027 1662 Christum
1057 1615 1225 1662 referri.
1294 1619 1352 1663 Ea
1375 1617 1526 1676 regula
1548 1617 1634 1662 sae·

237 1703 298 1751 pe
325 1683 377 1731 ab
404 1701 460 1730 eo
491 1680 836 1728 commendatur
862 1684 907 1727 in
938 1682 1135 1737 Psalmis,
1173 1698 1260 1729 nec
1299 1693 1447 1728 totum
1491 1682 1635 1731 statim

237 1754 459 1803 Psalmum
489 1748 541 1796 ad
563 1746 780 1795 Christum
810 1749 903 1794 vult
923 1748 1083 1804 referri,
1118 1750 1241 1795 cuius
1263 1751 1472 1812 particula
1493 1750 1636 1814 aliqua
1681 1769 1682 1804 ff

208 1820 292 1871 „ad
325 1835 428 1865 eum
459 1817 687 1880 pertineat.
759 1819 869 1862 Item
911 1815 954 1860 in
985 1816 1035 1861 iis
1065 1815 1161 1863 vult
1191 1814 1429 1869 obseruari,
1473 1834 1636 1865 vocem
1680 1847 1682 1857 ‚

239 1886 419 1937 Dauidis
450 1882 533 1930 effe
563 1879 689 1929 fimul
722 1899 877 1935 vocem
908 1880 1081 1939 Christi,
1118 1884 1160 1934 h.
1189 1900 1226 1928 e.
1263 1883 1497 1932 Dauidem⁴
1532 1901 1638 1931 cum
1680 1897 1682 1908 ¹

243 1957 298 2002 de
329 1954 371 1999 se
405 1965 452 2000 et
481 1952 562 1998 suis
592 1950 743 2002 rebus,
779 1949 931 2003 boniS,
967 1950 1111 2003 malis,
1151 1950 1375 2014 loquatur,
1417 1950 1546 2002 simul
1578 1952 1637 1998 de

244 2019 440 2072 Christo,
469 2030 515 2066 et
546 2019 729 2064 nomine
758 2020 853 2064 eius
879 2019 1020 2078 loqui,
1066 2018 1187 2065 velut
1219 2019 1292 2081 Ps
1318 2019 1483 2067 XXII.
1511 2017 1637 2082 quod

244 2091 356 2138 mala
376 2087 556 2134 Dauidis
580 2082 660 2131 sint
679 2083 846 2143 figurae
865 2085 1081 2132 malorum
1105 2083 1263 2132 Christi
1304 2087 1356 2134 cf.
1380 2086 1432 2132 ad
1456 2088 1636 2151 kslff'l.

245 2162 414 2206 Contra
439 2157 510 2219 Ρ]
528 2152 658 2202 XVI.
690 2152 822 2199 solam
844 2150 1001 2200 Christi
1033 2169 1189 2199 vocem
1212 2154 1408 2213 agnoscit
1424 2149 1640 2204 διδασκα-

243 2223 378 2278 λικῆν.
455 2228 506 2270 In
535 2238 627 2285 quo
657 2236 823 2280 genere
851 2224 979 2285 ponit
1005 2231 1052 2267 et
1081 2220 1328 2274 secundum,
1360 2223 1510 2270 XLV-
1542 2221 1642 2269 CX.

242 2313 282 2341 v.
303 2291 446 2354 praef.
469 2290 523 2336 ad
547 2291 620 2353 I’s
640 2289 735 2335 CX.
757 2302 927 2350 p.714.
949 2300 997 2335 et
1016 2287 1191 2335 videtur
1212 2305 1305 2335 non
1325 2289 1452 2335 valde
1471 2290 1642 2336 multos

244 2363 378 2409 huius
400 2359 571 2418 generis
591 2355 836 2416 agnoscere.
902 2358 1051 2403 Vtitur
1077 2355 1480 2406 tameninterdum
1507 2358 1640 2403 etiam

247 2430 470 2487 allegoria,
494 2424 562 2470 sed
586 2441 694 2472 raro.
727 2435 774 2469 vt
794 2425 835 2467 in
858 2425 1050 2474 Daniele,
1079 2425 1268 2470 vaticinii
1287 2422 1339 2469 ad
1361 2424 1640 2476 Ant'‚ochum

245 2495 450 2544 historice
474 2493 734 2548 pertinentis
763 2490 1222 2538 accommodationem
1249 2490 1302 2538 ad
1321 2488 1640 2538 Antichristum

246 2562 441 2624 agnoscit
464 2571 547 2606 cet.

1590 2627 1641 2671 In

303 2706 343 2759 ¹⁵)
372 2704 412 2744 in
431 2704 554 2744 Diana
574 2702 616 2741 cie
637 2700 803 2741 libertate
823 2703 961 2755 ingenii
983 2706 1021 2740 jn
1039 2701 1155 2754 cauffa
1169 2700 1363 2755 religionis.
