1682 3068
218 137 315 191 382
570 141 647 172 DE
686 141 961 174 orFxclo
998 146 1284 178 euulsa-1

212 249 293 315 ξῖῗῖ
313 251 514 299 Primum
535 252 655 298 enim
685 251 733 299 in
750 251 939 300 Psalmis.
973 263 1021 301 vt
1054 245 1214 302 LXXII
1241 252 1435 320 aliisque,
1463 258 1626 324 quibus

214 334 292 370 rex
310 321 386 366 hic
406 335 686 383 regnumque
705 322 800 369 eius
831 320 1100 378 describitur,
1133 323 1242 381 nihil
1277 321 1338 369 est
1363 337 1537 388 praeter
1560 342 1626 382 ea,

216 405 332 453 quae
349 388 396 433 in
414 398 528 450 typo
550 387 796 452 prophetae
813 387 952 436 Mosis
975 389 1142 446 insunt,
1177 387 1255 437 nifi
1275 391 1398 455 quod
1419 395 1460 440 ei
1481 399 1624 458 popu*

216 457 288 504 lus
323 452 459 516 longe
489 455 597 501 alius
625 466 676 501 ac
698 458 863 505 melior
881 457 1103 513 tribuitur,
1134 473 1268 521 quam
1288 459 1437 506 Moses
1457 462 1625 508 habue-

216 534 300 578 rat,
332 525 451 570 ciues
482 538 638 569 omnes
665 521 830 581 fideles,
861 526 1056 571 veritatis
1088 536 1299 582 amantes,
1335 525 1441 585 iusti,
1478 526 1624 586 sancii,

216 594 342 640 intus
363 592 479 655 puri,
510 591 657 655 pulcri
686 602 732 638 et
760 593 902 638 ornati
929 590 1157 639 sanffitate
1188 604 1232 639 et
1262 591 1430 641 iustitia.-
1500 599 1626 642 Tum

218 674 322 706 cum
353 661 481 719 regio
510 659 706 715 nomine,
736 657 846 706 ficut
876 662 924 706 in
955 663 1075 715 Deo,
1110 673 1395 723 permutatur
1431 663 1626 728 Pastoris

218 725 473 792 appellatio,
506 743 616 790 quae
635 725 696 771 est
725 729 956 774 veterrima
978 729 1176 774 Orientis
1208 740 1254 774 et
1273 730 1489 776 Graeciae
1518 741 1625 778 con-

215 792 440 856 suetudo,
480 791 708 851 insigniter
743 793 861 859 apud
907 798 1119 842 [eremium
1148 797 1318 844 XXII.
1350 799 1543 845 XXIII.
1577 804 1624 844 et

215 862 478 911 Ezechielem
499 862 680 908 XXXI
683 862 812 923 V‚24.
831 860 906 907 vbi
926 862 1001 908 ille
1012 863 1168 927 pastor
1191 867 1344 920 vnicus,
1382 881 1515 928 quem
1537 854 1622 929 pro

214 930 345 979 malis
365 926 623 993 pastoribus,
657 931 682 976 i.
702 946 738 975 e.
760 927 939 989 regibus
968 939 1013 974 et
1040 930 1311 993 principibus
1332 942 1429 978 tum
1452 933 1623 996 populi,

213 998 455 1064 'promittit‚
491 999 638 1054 Dauid
655 997 913 1060 appellatur,
949 996 1039 1042 hoc
1059 994 1131 1052 est,
1163 1001 1258 1044 Rex
1288 1015 1313 1043 e
1335 1010 1470 1059 gente
1490 1001 1624 1046 Daui-

216 1065 296 1113 dis.
367 1069 429 1110 At
457 1064 531 1111 ille
552 1064 713 1128 Pastor
742 1065 842 1110 Rex
869 1064 928 1108 ita
947 1072 993 1109 et
1012 1079 1093 1126 per
1110 1063 1327 1111 Dauidem
1347 1064 1419 1126 Pf
1434 1068 1622 1123 XXIII,

215 1145 261 1181 et
286 1131 340 1179 ab
370 1131 614 1195 semetipso,
645 1133 714 1178 Io.
735 1132 800 1183 X,
830 1128 1102 1186 describitur,
1133 1143 1178 1178 et
1207 1130 1261 1178 ab
1292 1130 1622 1197 ApostoliS,-'·'vt

213 1203 356 1251 Pe'tro
376 1203 415 1254 I,
437 1216 477 1254 2,
502 1213 578 1260 25.
595 1207 648 1244 'vt
669 1201 818 1244 omnia
848 1197 1003 1244 eadem
1032 1201 1326 1263 reperiantur,
1363 1216 1478 1265 quae
1493 1198 1623 1264 supra

211 1271 260 1317 in
280 1267 530 1332 Prophetae
549 1267 733 1313 nomine
754 1268 1064 1327 cognouimus.
1123 1269 1331 1330 Denique
1349 1264 1623 1331 animadudrss

212 1334 338 1384 fione
369 1332 571 1399 profesto
603 1334 788 1395 dignum
819 1331 897 1390 est,
931 1332 1053 1394 quod
1086 1334 1148 1380 est
1168 1352 1191 1380 a
1214 1336 1390 1382 Iohanne
1408 1332 1622 1384 traditam

214 1419 253 1451 c.
280 1405 353 1455 VI.
374 1419 477 1448 cum
501 1413 656 1455 narrat,
687 1399 816 1465 pastis
836 1420 860 1448 a
879 1401 979 1447 Iesu
997 1411 1068 1447 tot
1097 1401 1291 1449 millibus
1315 1401 1623 1462 hominum'‘iii

214 1471 401 1524 deserto,
432 1472 479 1516 in
498 1469 812 1534 manifestaque
841 1469 930 1515 cibi
957 1471 1127 1532 inopia,
1161 1470 1364 1516 miraculi
1390 1470 1622 1530 insolentis}

215 1550 264 1587 et
289 1540 493 1586 nouitate
520 1535 746 1603 percussos
777 1534 1006 1596 agnouisse
1034 1539 1078 1583 in
1109 1555 1163 1584 eo
1185 1536 1621 1600 Prophetam'illu‘n‘i}

214 1609 369 1670 generi
398 1607 599 1653 humano
633 1603 907 1669 promissum,
937 1622 1019 1668 per
1048 1606 1212 1652 Mosen
1242 1604 1426 1659 scilicet,
1457 1614 1503 1650 et
1529 1603 1623 1650 hbe·

214 1676 363 1742 palam
381 1672 666 1738 praedicasse:
701 1673 841 1719 lesum
864 1683 1012 1718 autem
1032 1669 1270 1718 subduxisse
1290 1671 1344 1725 se,
1366 1673 1475 1716 etin
1494 1684 1620 1718 mon*

213 1753 365 1799 tanam
397 1740 681 1787 solitudinem
713 1738 925 1792 seceffiss‘e,
959 1755 1014 1784 ne
1040 1755 1062 1784 a
1087 1738 1262 1803 populo
1284 1754 1357 1783 rex
1375 1739 1619 1801 proclama-

213 1821 351 1859 retur.
423 1811 550 1862 Quae
568 1804 768 1872 profeffio
790 1822 882 1853 non
906 1807 1145 1852 cohaerent
1164 1806 1298 1861 aliter,
1330 1821 1462 1868 quam
1483 1817 1531 1852 vt
1550 1808 1620 1852 in·

214 1878 481 1939 telligamuS‚
520 1892 569 1922 ea
589 1876 770 1922 nomina
790 1873 1041 1937 promiscue
1062 1873 1159 1930 dici,
1196 1883 1242 1920 et
1261 1871 1452 1919 eiusdem
1473 1873 1619 1936 perso-

213 1959 300 1992 nae
319 1947 367 1992 ac
386 1943 612 2005 dignitatis
641 1939 736 1998 effe,
771 1957 855 1987 nec
887 1938 1066 1987 differre
1090 1938 1168 1986 nisi
1201 1940 1325 1995 sono,
1360 1950 1434 1986 aut
1452 1939 1618 1987 inscitia

210 2012 618 2077 interpretantium,
650 2007 682 2055 si
711 2011 790 2073 qui
819 2024 988 2055 nomen
1021 2010 1199 2068 regium
1226 2007 1431 2053 humana
1465 2007 1616 2070 potius

213 2083 406 2129 vanitate
435 2090 482 2126 et
510 2078 759 2126 humilitate
791 2078 1073 2131 metirentur,
1109 2092 1240 2138 quam
1262 2073 1414 2120 diuina
1431 2076 1617 2120 veritate

213 2159 260 2196 et
277 2147 557 2204 sublimitate,
591 2163 705 2210 quae
723 2147 769 2191 in
789 2141 1081 2190 inuisibilibus
1102 2155 1148 2189 et
1171 2140 1464 2207 spiritualibus
1486 2142 1617 2188 maxi-

212 2231 290 2264 me
318 2215 574 2263 dominatur
603 2224 650 2259 et
679 2212 960 2272 intelligitur.
1030 2209 1115 2256 Sed
1141 2212 1379 2270 maximum
1410 2208 1519 2255 illud
1539 2205 1613 2266 est,

215 2295 262 2330 et
291 2286 337 2330 in
371 2300 463 2348 quo
506 2280 631 2328 valde
667 2281 868 2327 videmus
903 2280 1122 2326 homines—
1153 2278 1384 2331 fanaticos,
1422 2291 1615 2334 regnum

212 2349 372 2399 Christi
393 2349 555 2397 visibile
573 2346 883 2412 exspestantes,
913 2346 1127 2410 torqueri,
1162 2343 1284 2408 quod
1302 2343 1416 2390 Iesus
1436 2341 1526 2406 ipse
1547 2358 1615 2388 re-

213 2434 357 2481 gnum
379 2418 507 2466 suurn
539 2418 656 2463 clare
684 2418 743 2462 ita
765 2413 989 2461 describit:
1023 2429 1106 2459 nec
1124 2413 1259 2460 alium
1280 2411 1515 2457 meliorem
1533 2419 1612 2456 aut

211 2489 445 2543 certiorem
468 2487 565 2549 quis
593 2487 881 2550 interpretem
909 2478 1150 2528 desideret}
1181 2478 1301 2526 wid
1327 2476 1381 2524 ad
1400 2492 1460 2532 ea,
1498 2489 1612 2539 quae

209 2554 259 2599 in
278 2553 528 2616 Prophetae
554 2554 740 2599 nomine
769 2551 888 2604 sunt,
928 2548 1100 2595 referat.
1167 2550 1294 2592 Nam'
1317 2545 1456 2591 Pilato
1477 2560 1609 2606 quaea

206 2623 337 2675 renti,
369 2637 425 2666 an
452 2637 501 2667 re
529 2636 632 2669 vera
661 2635 736 2665 rex
756 2617 838 2665 fit?
870 2615 954 2663 effe
974 2617 1016 2664 se
1033 2611 1236 2682 profeao
1263 2628 1427 2672 regem,
1455 2621 1610 2689 natum

1561 2693 1609 2724 in

1646 2958 1665 3063 ww
1644 2900 1668 2922 ⁴7<
1660 2839 1663 2842 i
1666 2815 1671 2819 Ι
