1682 3068
1452 62 1463 88 Ι

563 160 568 161 ⁷
656 149 971 182 τιυινιισι
1417 145 1513 194 391

24 265 30 285 ³
55 286 62 291 ·
105 259 411 326 ostenditque,
444 259 643 325 primum
676 257 819 303 Iesum
846 256 986 317 longe
1013 255 1225 301 maiorem
1251 251 1336 301 effe
1366 254 1512 311 Mose,

40 322 45 333 ⁴
108 332 236 378 cuius
252 340 376 377 unta
394 327 684 376 admiratione
701 334 987 378 tenerentur3
1027 334 1144 376 tum,
1173 321 1203 368 fi
1220 332 1369 368 tamen
1394 326 1512 370 Pon·

14 371 26 410 ξ
102 395 238 446 tificis
259 395 397 444 verbo
425 405 473 442 et
498 393 717 453 dignitate
746 403 1060 444 mouerentur,
1100 389 1243 436 Iesum
1273 388 1362 443 ess‘e
1391 407 1511 446 eum,

105 474 156 513 et
181 462 328 512 feciss'e
351 479 420 518 ea,
465 472 656 526 propter
683 476 799 523 quae
835 459 974 519 longe
1001 459 1143 504 maior
1178 458 1256 504 illo
1291 457 1510 506 Pontifice

101 530 509 594 fflerosolymitano
538 525 663 580 effet,
703 529 748 572 in
774 542 867 590 quo
895 537 1070 571 tantum
1098 524 1252 572 vmbra
1280 528 1395 583 eius,
1435 526 1508 574 vel

47 654 50 658 ⁴
102 600 262 664 operis,
289 598 346 645 ab
372 613 433 644 veo
455 593 622 660 perasti
649 593 704 641 ad
731 595 914 642 salutem
935 594 1172 639 hominum
1197 592 1363 646 fuisset,
1406 610 1515 658 qua,

101 683 211 715 eum
226 668 312 715 iam
331 665 486 712 veritas
508 660 687 717 adeffet‚
717 678 811 710 non
833 661 1022 724 amplius
1045 677 1157 724 opus
1178 658 1275 706 effe.
1328 663 1390 707 Ex
1409 663 1507 726 qui·

51 735 54 738 ’
99 731 186 782 bus
216 731 509 792 intelligitur,
552 729 629 778 ista
651 746 745 776 non
765 727 820 777 ad
841 745 998 775 omnes
1022 726 1310 785 Christianos,
1350 739 1398 775 vt
1426 746 1505 775 ne-

97 798 319 866 Qess'atiam
337 810 512 863 partem
532 796 782 851 destrime,
825 798 1076 861 pertinere,
1118 793 1191 839 sed
1212 794 1265 841 ad
1286 793 1504 843 robustio-

97 883 195 925 τις,
232 867 303 914 vel
321 865 553 923 doctores,
595 867 672 928 qui
697 867 762 913 vti
782 866 832 910 iis
853 863 907 910 ad
936 862 1271 922 redarguendos
1292 875 1368 911 aut
1391 881 1503 911 con-

94 935 339 989 vertendos
356 934 539 982 Iudaeos
558 935 720 988 velint,
758 934 827 979 vel
850 929 1222 979 coniunffionem
1242 929 1502 995 disciplinae

93 999 364 1052 Christianae
414 1019 518 1049 cum
569 1012 719 1050 vetere
759 999 954 1048 Mosaica
999 998 1248 1059 intelligere
1295 1002 1500 1062 cupiant:

90 1086 190 1137 qno
212 1081 326 1118 *tota
362 1071 680 1136 interpretatio
730 1083 946 1137 typorum
1000 1067 1173 1121 Veteris
1217 1064 1501 1118 Testamenti

90 1139 308 1206 pertinet·

104 1312 117 1329 .›-
197 1275 323 1321 Nam
341 1271 452 1338 quid
471 1274 675 1322 vtilitatis
710 1272 874 1322 habere
891 1270 1041 1339 petest
1062 1268 1117 1320 ad
1141 1279 1346 1320 accurate
1365 1271 1499 1319 intei-

23 1382 26 1386 ,
76 1339 328 1406 &gendum
355 1358 520 1390 munus
546 1360 572 1389 a
603 1340 776 1390 Christo
813 1341 1083 1406 susceptum,
1134 1339 1167 1387 fi
1195 1337 1422 1386 dostrinae
1448 1342 1499 1386 in

84 1405 258 1465 ,filulis
273 1418 322 1455 et
337 1408 514 1457 ecclefia
534 1408 816 1474 explicandae
842 1409 1074 1463 inseratur,
1114 1407 1369 1473 praesertim
1391 1422 1500 1454 con-

90 1473 247 1531 {unae
264 1493 367 1526 cum
388 1477 637 1542 prophetae
651 1488 699 1524 et
715 1479 835 1538 regis
854 1493 1065 1532 munere,
1102 1493 1209 1523 cum
1237 1475 1349 1522 nihil
1372 1476 1420 1520 in
1435 1473 1499 1520 sa-

92 1543 297 1594 cerdotio
319 1542 480 1593 Christi
498 1542 572 1602 fit,
604 1544 728 1609 quod
747 1561 843 1592 non
863 1546 940 1592 suo
955 1543 1098 1592 *modo
1118 1541 1216 1590 insit
1233 1545 1278 1590 in
1300 1543 1431 1603 Regis
1449 1551 1499 1588 et

19 1654 22 1657 .
87 1611 342 1675 Prophetae
363 1611 650 1669 nominibus,
685 1614 734 1659 in
752 1610 934 1676 quibuS,
958 1623 1063 1659 ante
1080 1610 1337 1663 docuimuS,
1363 1605 1496 1655 ineffe

89 1678 290 1732 easdem,
323 1696 417 1727 non
438 1679 622 1727 diuersas
642 1682 841 1727 muneris
863 1676 1021 1727 christi
1041 1689 1201 1742 partes.
1270 1676 1390 1733 Quid
1408 1674 1496 1722 effe

88 1763 201 1809 crgo
219 1748 267 1795 in
286 1747 528 1795 sacerdotio
542 1743 701 1794 christi
719 1747 936 1794 dicimus?
970 1763 1135 1808 nempe
1154 1742 1496 1792 satisfastionem

83 1830 175 1880 pro
190 1818 383 1878 peccatis
402 1816 455 1864 ad
474 1814 788 1863 restituendam
805 1815 986 1862 salutem
1005 1826 1051 1862 et
1070 1814 1327 1861 felicitatem
1341 1849 1351 1866 ,
1369 1830 1393 1860 a
1412 1811 1495 1859 bo-

82 1882 224 1932 nitate
251 1881 403 1932 diuina
422 1881 675 1930 destinatam
705 1885 861 1944 generi
889 1883 1105 1937 humano,
1148 1893 1194 1926 et
1221 1891 1491 1945 perpetuam

84 1963 175 2013 pro
194 1948 475 2005 horninibus,
517 1951 719 2013 inprimis
748 1948 973 2005 fidelibus,
1013 1949 1398 2013 deprecationem,
1437 1957 1490 1995 vt

0 2051 1 2078 3
85 2015 207 2062 illius
226 2013 525 2063 satisfaffionis
544 2026 591 2062 et
615 2014 903 2062 redemtionis
923 2034 1004 2081 per
1023 2029 1219 2063 mortem
1236 2018 1329 2062 eius
1352 2017 1488 2078 parti-

83 2084 209 2147 cipes
226 2080 348 2130 fiant.
414 2085 656 2131 Enimuero
676 2087 723 2132 in
743 2085 925 2131 nomine
946 2084 1194 2150 prophetae
1223 2081 1337 2128 haec
1357 2082 1487 2129 intel-

82 2150 163 2212 ligi
182 2149 301 2214 poss'e
320 2167 372 2197 ac
392 2149 576 2206 debere,
619 2149 651 2197 si
668 2149 788 2199 reste
811 2155 1027 2214 capiatur,
1065 2166 1233 2215 nempe
1260 2149 1315 2196 ad
1343 2167 1487 2197 exem·

0 2253 1 2262 ,
81 2219 211 2284 plum
230 2230 280 2265 et
298 2217 482 2283 figuram
501 2217 649 2272 Mofis,
669 2222 717 2266 in
739 2236 832 2283 quo
851 2219 935 2267 fuit
945 2217 1099 2267 Christi
1116 2229 1253 2282 typus
1275 2227 1319 2262 et
1330 2216 1487 2278 figura,

0 2315 1 2321 κ
81 2284 132 2334 id
161 2284 291 2332 facile
317 2283 381 2334 est
406 2287 461 2333 ad
477 2286 881 2336 demonstrandum.
982 2288 1089 2332 Fuit
1117 2287 1239 2331 enim
1266 2295 1311 2330 et
1329 2285 1484 2332 Moses

63 2354 287 2420 ,μεσίτηῂ
325 2357 530 2403 mediator
546 2356 634 2411 Dei
651 2366 788 2419 atque
804 2354 964 2420 populi
985 2353 1174 2407 Iudaici,
1214 2348 1304 2398 siue
1330 2351 1484 2400 foede-

0 2432 1 2487 ]
80 2423 144 2471 ris
161 2440 186 2468 a
207 2425 308 2482 Dee
327 2437 429 2468 cum
459 2423 632 2486 populo
661 2423 833 2476 sanciti,
870 2439 961 2485 quo
990 2422 1174 2465 nomine
1202 2429 1353 2468 totum
1383 2417 1484 2467 offi-

82 2491 200 2546 cium
218 2505 269 2536 ac
286 2505 450 2536 munus
471 2487 629 2537 christi
657 2491 843 2556 exprimi
859 2499 1031 2535 certum
1051 2482 1135 2533 est:
1179 2503 1329 2550 neque
1356 2490 1485 2535 enim

76 2555 490 2619 muratelaciunt,
519 2558 598 2623 qui
613 2557 660 2605 id
676 2573 844 2606 nomen
863 2554 1087 2617 angustius
1106 2555 1301 2621 capiunt.
1330 2558 1483 2604 Huius

107 2656 119 2661 α
775 2628 810 2673 Β
832 2624 861 2672 b
890 2641 922 2683 4
1330 2633 1482 2671 autem
