1682 3068
121 171 484 208 conxvumum.
517 170 798 204 mscssssxr..
824 171 892 203 rt
927 173 1070 204 mono
1102 170 1357 204 vuxvzns.
1388 171 1490 220 519

85 281 146 331 do
179 282 599 344 graeenes'cogique
629 297 661 327 e
679 277 949 326 versionibus
976 280 1137 343 sapere,
1169 295 1280 343 quae
1308 278 1414 327 sunt
1433 281 1483 328 in

83 351 214 398 nullo
241 341 328 397 alio
353 365 519 409 genere
552 347 820 412 scriptorum
848 347 1101 401 fallaciores,
1134 348 1388 410 praesertim
1406 345 1438 392 si
1455 365 1484 395 a

0 420 1 471 ξ
82 416 323 467 Pontificiis
342 413 481 463 fastae
498 414 610 469 sunt,
646 418 691 462 in
714 413 870 478 quibus
892 414 944 462 ad
973 416 1237 478 imperitiam
1259 415 1387 461 etiarn
1408 430 1477 461 ac-

81 484 200 532 cedit
226 485 419 549 partium
446 478 663 539 studium,
691 482 763 529 sed
792 485 923 529 etiam
954 483 1135 529 latinae:
1169 499 1221 528 ex
1245 498 1343 544 que
1365 479 1479 529 diffi-

78 552 221 600 cultas
241 549 522 610 intelligendi
541 553 695 607 utimr,
715 548 752 596 si·
765 567 858 597 nen
877 561 1011 602 tanta,
1031 561 1237 614 quantam
1248 551 1476 607 Balleia-us,
1555 582 1557 584 ·

77 617 272 668 seruiens
290 617 466 680 qiufl'ae,
495 615 625 665 iassat
650 617 720 677 (de
742 616 829 683 VJia
854 619 980 666 Patr.-
996 621 1039 671 J,
1058 635 1105 680 5.
1117 635 1166 679 p.
1195 621 1319 679 139.)
1348 619 1477 681 quip-

74 685 192 752 'pein
212 688 424 751 exemplis
441 684 496 737 ab
515 703 571 732 eo
582 685 763 750 prolatis.
777 685 1130 732 nemediocriter
1148 683 1342 748 quidem<
1353 701 1475 745 grae·

73 753 127 801 ee
146 753 281 802 desto
309 751 616 820 infiipernbilis
644 750 876 801 difficultas
906 751 1125 807 obiicitur,
1155 764 1204 799 at
1230 768 1390 813 magna
1406 762 1472 800 ta-

73 838 194 876 men,
225 831 273 870 vt
291 823 343 869 in·
355 823 478 869 omni
496 837 662 882 genere
681 821 946 885 scriptorum
964 830 1171 867 veterum
1187 818 1249 866 de
1263 837 1471 882 quocun-

71 904 163 955 que
181 905 346 951 genere
366 887 603 936 doarium
674 890 868 937 Grauior
886 885 948 933 est
964 889 1009 933 in
1038 887 1123 934 hac
1141 905 1189 934 re
1208 889 1471 935 Rhetorica-

70 974 171 1013 παπ]
197 967 243 1003 et
258 954 604 1004 Dialefficarum
625 963 788 1003 artium
822 956 1071 1016 ignorati03
1104 971 1192 1002 nec
1218 954 1355 1001 modo
1387 955 1471 1013 illa,

70 1040 186 1090 quae
203 1023 256 1071 ab
275 1024 439 1071 inscitia
460 1037 803 1088 praeceptorum
825 1025 966 1071 oritur
984 1040 1158 1076 eorum,
1190 1025 1366 1086 quaein
1387 1040 1470 1070 no-

69 1093 188 1139 vitiis
215 1094 420 1157 inprimis
449 1092 569 1139 libris
590 1092 839 1139 Rhetoricis
866 1101 914 1137 et
942 1088 1193 1137 Dialefficis
1220 1089 1469 1146 traduntur,

68 1159 142 1208 sed
157 1163 308 1216 etiam,
342 1170 389 1207 et
414 1160 560 1207 multo
589 1159 767 1223 quidem
798 1161 936 1219 magis
958 1175 1019 1211 ea,
1047 1176 1158 1218 quae
1177 1155 1238 1204 est
1255 1160 1300 1205 in
1322 1160 1467 1205 omni-

39 1255 44 1259 ·
67 1227 175 1282 bus,
201 1228 298 1276 vsus
330 1238 378 1274 et
402 1228 722 1274 exercitationis
749 1228 795 1273 in
822 1224 1020 1287 legendis
1049 1238 1095 1273 et
1122 1224 1468 1290 interpretandis

72 1296 319 1342 oratoribus
347 1305 394 1342 et
421 1294 697 1360 philosophis
732 1296 931 1358 antiquis,
967 1304 1015 1340 et
1042 1297 1086 1341 in
1116 1293 1309 1340 dicendo
1338 1290 1467 1339 diffe-

69 1362 314 1426 tendoque,
347 1362 611 1427 expertibus.
679 1366 797 1408 Nam
827 1380 876 1408 ea
897 1361 1023 1425 saepe
1043 1362 1158 1418 facit,
1189 1371 1235 1409 vt
1254 1362 1466 1408 hominos

69 1427 156 1475 nec
181 1442 440 1492 argumenta
467 1430 553 1491 ipsa
579 1429 917 1494 interpretando
945 1430 1220 1489 intelligere,
1250 1446 1343 1475 nee
1370 1432 1464 1476 viru

70 1514 230 1544 eorum
259 1495 378 1544 τεᾶο
408 1497 630 1545 aestimare
658 1496 833 1561 poffint.
900 1500 1057 1560 Itaque
1085 1497 1210 1554 saepe
1227 1498 1337 1543 mihi
1358 1498 1466 1543 taei-

65 1564 264 1612 tns'risus
284 1566 489 1623 exoritur,
522 1581 627 1611 cum
645 1563 790 1620 audio,
819 1564 1037 1620 homines,
1065 1562 1219 1611 abistis
1240 1562 1465 1630 praesidiis

63 1632 210 1689 rudes,
241 1631 295 1678 de
313 1637 493 1679 Patrum
514 1630 877 1696 disputationibus
895 1642 1044 1678 tamen
1065 1631 1269 1687 iudicare,
1296 1648 1464 1696 easque

63 1716 226 1761 magna
250 1699 521 1747 confidentia
549 1710 852 1753 contemnere,
886 1716 989 1746 eum
1022 1702 1199 1747 interim
1230 1700 1354 1746 fateri
1384 1717 1464 1746 ne⁴

65 1766 178 1815 eess‘e
208 1768 415 1824 habeant,
445 1767 487 1814 se
508 1784 579 1814 eas
600 1783 831 1830 nunquam
850 1765 1120 1827 cog-nouisse.
1185 1769 1364 1816 Danau
1384 1767 1463 1815 hic

63 1835 214 1901 paullo
243 1834 393 1882 durius
413 1836 540 1898 loqui
568 1833 744 1882 fortasse
773 1835 914 1888 licuit,
948 1847 994 1882 et
1021 1836 1150 1882 venia
1183 1834 1327 1892 datur,
1357 1836 1460 1898 quia

64 1902 158 1966 ipse
179 1902 357 1963 legerat,
387 1913 434 1947 et
460 1903 682 1958 homines,
718 1900 927 1949 obscuros
960 1903 1131 1952 scilicet.
1165 1902 1460 1963 intelligebat,

66 1978 115 2014 et
130 1985 287 2015 eorum
315 1966 577 2015 testimoniis
605 1968 658 2013 ad
686 1967 969 2016 debellandos
992 1968 1205 2017 Ecclesiae
1225 1974 1355 2016 Rom.
1376 1970 1457 2016 do-

62 2033 212 2084 stores
234 2037 415 2098 ‚egregie
438 2035 664 2082 vtebatur:
701 2035 786 2082 illis
815 2053 910 2082 non
938 2039 1059 2083 item.
1137 2036 1225 2084 Sed
1256 2038 1365 2089 hoc,
1404 2047 1455 2083 vt

62 2119 160 2150 non
186 2101 429 2150 admodum
461 2104 692 2167 pertinens
730 2101 785 2148 ad
822 2101 1062 2150 institutam
1100 2102 1459 2167 disputationem,

62 2172 222 2228 leuiter
249 2168 447 2232 tetigisse,
477 2180 525 2216 et
549 2168 693 2218 obiter
716 2169 983 2218 admonuisse
1013 2170 1235 2224 studiosos,
1266 2171 1361 2218 satis
1379 2169 1460 2216 est.

60 2242 170 2286 Nec
188 2237 299 2285 illud
317 2238 419 2285 leue
441 2235 780 2285 incommodum
802 2236 875 2293 est,
899 2238 1018 2303 quod
1046 2239 1155 2286 haec
1172 2239 1284 2285 ratio
1306 2241 1351 2285 in
1375 2237 1457 2285 dis·

59 2304 369 2372 putationibus
387 2306 452 2361 iis,
487 2308 535 2352 in
556 2305 718 2368 quibus
735 2319 997 2366 argumenta
1014 2304 1241 2353 ducuntur
1257 2322 1286 2352 e
1302 2323 1351 2352 re
1372 2322 1457 2354 um

58 2387 227 2431 natura,
260 2373 332 2420 vel
359 2371 413 2419 ad
447 2370 797 2419 confirmandam
825 2376 1073 2430 veritatem,
1120 2374 1191 2420 vel
1218 2373 1273 2420 ad
1303 2374 1455 2421 conci·

56 2439 200 2489 lianda
227 2441 342 2486 inter
369 2440 412 2485 se
437 2437 644 2499 dogmata
673 2450 720 2486 et
746 2440 1043 2497 consocianda,
1072 2440 1143 2487 vel
1175 2440 1370 2506 denique
1398 2438 1456 2488 ad

57 2506 315 2555 refellendas
335 2506 634 2553 dubitationes
654 2524 680 2552 e
699 2518 854 2554 natura
873 2526 1035 2564 rerum,
1067 2506 1143 2555 nisi
1162 2507 1456 2556 felicissimum

39 2591 86 2622 ι
101 2586 255 2621 natura
273 2585 319 2620 et
336 2573 624 2622 acutissimum
644 2576 875 2635 ingenium
894 2577 1142 2635 contigerit¹
1179 2578 1247 2623 vix
1265 2575 1381 2624 bene
1405 2585 1454 2621 et

43 2639 310 2722 &onstanoer
337 2641 497 2691 versari
518 2639 680 2709 potest,
703 2641 784 2759 {eli}
807 2654 989 2707 vagatur
1009 2654 1056 2691 et
1073 2640 1272 2703 fluauat,
1306 2643 1454 2756 mugto

808 2728 842 2773 4
1294 2728 1372 2760 ver
1406 2726 1453 2757 o·
