1682 3068
216 98 280 143 16
799 112 1029 145 Ana-1

213 217 291 282 qui
321 218 698 266 consecrationem
728 233 822 265 non
850 219 898 266 in
919 217 1064 266 verbis
1082 217 1380 278 *institutionis
1405 221 1614 268 Euchari-

212 283 361 341 ssicae,
401 284 475 332 sed
497 286 544 331 in
573 284 875 353 εὐχαςιςίᾳετ
899 286 1107 353 εὐλογίᾳ,
1146 288 1187 334 h.
1210 304 1246 333 e.
1276 286 1480 352 precibus
1507 304 1613 336 cum

213 355 451 415 gratiarum
485 350 656 400 afflone
687 358 880 418 phuam,
928 372 1040 418 quae
1069 351 1130 400 est
1147 357 1270 402 Edm.
1290 357 1528 411 Albertim',
1565 357 1612 403 in

209 419 438 467 clariffimo
459 419 513 466 de
532 422 818 469 sacramentis
831 419 1140 468 Eucharisticis
1160 423 1371 486 opere-(l.
1396 439 1439 480 4.
1460 441 1502 487 p.
1521 439 1538 470 ι
1553 426 1612 483 1.)

209 488 445 543 sententia,
486 487 587 537 satis
603 486 792 544 indicat,
834 505 937 536 cum
962 507 1120 537 eorum
1138 491 1332 536 rationes
1343 488 1611 558 solidg'ffimas

206 555 421 620 appellat:
470 572 581 621 quae
600 555 704 602 aliae
731 557 944 618 intelligi,
984 554 1066 604 nisi
1083 573 1209 605 verae
1229 567 1276 605 et
1304 567 1470 612 certae,
1516 574 1612 606 non

203 620 398 690 possunt.
574 658 576 661 v

305 691 468 737 Omnis
493 689 563 738 illa
589 688 826 739 difficultas
856 701 957 739 nata
987 691 1049 740 est
1078 691 1131 740 ab
1159 690 1450 751 ambiguitate
1482 690 1608 740 verbi

203 757 478 820 corzsecrdndi,
531 775 614 822 qua
644 758 833 815 sublata,
877 777 972 806 rem
1000 759 1247 825 expeditam
1277 759 1375 806 fore
1402 759 1609 808 arbitror.

205 826 385 872 Etenim
424 827 671 890 Scriptores
701 824 1022 874 Ecclesiasticus
1059 826 1344 875 consecrandi
1385 827 1607 875 vocabulo

203 892 441 958 dupliciter
451 894 547 940 vsos
569 896 738 959 reperi:
770 897 969 959 primum
990 893 1060 950 sic,
1085 907 1132 942 vt
1151 894 1415 959 respondeat
1426 897 1605 942 Graeco

201 954 428 1027 α’γισίζειν,
459 958 618 1026 fitque,
638 978 958 1026 quamcunque
976 964 1041 1009 rei
1063 959 1335 1009 sanffitatem
1353 979 1404 1010 ac
1425 963 1605 1023 religio-

200 1046 308 1076 nem
328 1027 546 1086 tribuere,
575 1042 623 1075 vt
639 1029 843 1093 profana,
879 1043 955 1077 aut
974 1029 1072 1077 vsus
1094 1029 1265 1093 profani
1285 1047 1338 1076 ac
1356 1030 1604 1095 promiscui5

197 1094 285 1143 effe
297 1094 481 1151 desinam
514 1113 605 1160 quo
627 1097 765 1144 modo
784 1097 959 1145 Paullus
974 1098 1122 1145 cibum
1137 1114 1450 1162 quemcunque
1468 1095 1605 1161 a‘ysoe‘·

198 1158 363 1232 ζεῦ-θοις
382 1163 487 1210 dixit
508 1164 718 1229 precibus
748 1175 796 1212 et
816 1168 1050 1227 gratiarum
1081 1164 1278 1213 afflone:
1323 1168 1485 1212 iterum
1521 1167 1604 1212 hae

195 1233 436 1288 sententia,
466 1233 617 1278 vtvirn
641 1231 876 1290 diuinitus,
919 1233 961 1280 h.
982 1250 1018 1279 e.
1037 1243 1280 1298 praecepto
1308 1250 1360 1279 ac
1387 1230 1603 1298 promisso

201 1295 358 1347 diuino
371 1339 382 1358 ,
414 1302 477 1346 rei
497 1298 686 1347 additam
705 1298 943 1361 significem
986 1317 1078 1364 quo
1097 1301 1236 1347 modo
1255 1311 1426 1348 veteres
1445 1299 1603 1347 dicunt

199 1369 460 1429 coniugium
485 1385 508 1413 a
526 1368 938 1431 Deoconficratum
966 1371 1069 1422 effe,
1108 1369 1226 1415 Gen.
1245 1370 1279 1421 Ι,
1301 1378 1372 1423 28.
1400 1369 1602 1429 itemque

195 1453 345 1501 aquam
366 1429 595 1482 abluendis
614 1436 811 1498 peccatis
832 1436 1126 1498 consecratam,
1151 1435 1447 1497 hominesque
1467 1435 1600 1499 ipsosg

196 1521 243 1551 ea
265 1521 375 1567 aqua
394 1499 579 1558 εἰηξὶοε,
624 1512 671 1548 vt
692 1504 853 1549 Graeci
872 1497 1182 1568 οἱγιαίξεσθοᾳ,
1226 1505 1285 1548 ita
1303 1505 1444 1549 Latini
1461 1497 1595 1565 conse-

194 1577 306 1619 crari
324 1571 505 1623 dicunt,
551 1567 709 1616 Christi
735 1582 974 1633 praecepto
1003 1581 1050 1616 et
1078 1567 1314 1633 promiffo,
1347 1580 1393 1616 et
1427 1572 1597 1633 Spiritu

194 1637 379 1691 SanEko,
422 1647 472 1682 vt
490 1636 691 1700 loquitur
714 1638 956 1703 Ambrosius
975 1636 1030 1682 de
1051 1640 1238 1683 Sacram.
1257 1641 1286 1693 1,
1309 1652 1350 1698 ς.
1382 1633 1472 1683 fine
1500 1638 1598 1700 qui-

141 1724 144 1725 ’
193 1722 374 1770 cunque
394 1701 548 1750 austor
567 1702 638 1749 est.
706 1705 956 1768 Similisque
975 1702 1036 1751 est
1054 1708 1305 1752 benedicendi
1324 1706 1448 1759 ratio,
1469 1703 1594 1752 verbi

194 1791 220 1820 e
242 1775 414 1821 Graeco
435 1771 629 1834 εὐλογεῖν
649 1770 770 1826 ἱειᾶἰ,
809 1770 1124 1833 fignificatione
1144 1772 1390 1819 Hebraicae
1410 1771 1592 1819 consue·

192 1842 337 1889 tudini
357 1842 400 1886 in
423 1839 561 1886 verbo
580 1849 684 1912 'pn
706 1838 1063 1886 accommodata:
1109 1856 1209 1886 narn
1231 1840 1344 1887 bene
1365 1841 1526 1885 Graeci
1545 1847 1593 1886 et

191 1909 308 1958 bene
331 1909 475 1954 Latini
504 1917 680 1953 tantum
714 1923 798 1971 pro
824 1908 994 1954 laudare
1019 1917 1065 1953 et
1092 1908 1201 1954 reste
1220 1912 1352 1956 dicere
1371 1907 1589 1969 vsurpant.

192 1981 310 2026 Cum
336 1980 459 2021 Dens
486 1977 603 2020 diem
639 1974 903 2038 septimum,
947 1972 1143 2021 Christus
1170 1973 1322 2021 cibum
1351 1970 1590 2036 ηύλὸγησε,

193 2062 243 2092 ea
263 2044 394 2110 primi
414 2044 590 2103 generis
614 2041 884 2088 consecratio
907 2041 1005 2098 fuit,
1036 2059 1147 2105 quae
1169 2058 1194 2087 e
1213 2042 1408 2107 profanis
1430 2044 1592 2088 exime·
1628 2102 1631 2105 K

189 2124 284 2161 ret:
318 2127 419 2158 curn
443 2126 588 2157 nouos
611 2108 727 2155 idem
750 2111 965 2169 coniuges
995 2106 1244 2172 ηόλὲγησε,
1285 2127 1334 2156 ea
1361 2109 1450 2156 fuit
1465 2108 1587 2156 beni-

191 2197 279 2243 gna
299 2189 344 2224 et
363 2174 515 2224 efficax
538 2176 764 2242 promiffio
779 2212 790 2232 ,
837 2176 952 2222 vnde
981 2187 1027 2223 et
1048 2176 1253 2224 beneficii
1284 2178 1354 2223 vis‘
1376 2180 1416 2223 ei
1446 2175 1585 2223 verbo

189 2244 403 2300 aflhaefit,
450 2256 497 2292 vt
524 2252 568 2290 in
599 2245 785 2310 εὐλογίᾳ
808 2243 1048 2291 Abrahami
1079 2261 1181 2292 cum
1213 2244 1419 2307 gentibus
1444 2244 1587 2290 omni-

188 2316 274 2365 bus
296 2314 642 2367 communicata,
684 2325 730 2359 vt
751 2316 797 2358 in
832 2311 1022 2378 εὐλογίᾳ
1048 2314 1206 2371 Paulli,
1255 2329 1273 2361 1
1299 2316 1399 2360 Cor.
1421 2313 1507 2368 VI⁵,
1539 2322 1588 2358 et·

191 2399 218 2433 2
242 2385 345 2430 Cor.
376 2386 424 2428 X.

281 2453 378 2495 ‘lam
402 2446 431 2494 fi
452 2447 558 2493 haec
590 2444 644 2492 ad
664 2444 963 2511 quaestionem
983 2447 1100 2494 illam
1122 2443 1456 2494 Eucharisticam
1477 2460 1584 2492 con·

189 2517 406 2572 feramus,
443 2514 660 2578 liquidum
680 2513 767 2570 est,
808 2515 1180 2562 consecrationem
1210 2512 1294 2560 effe
1320 2516 1366 2560 in
1385 2511 1582 2560 laudibus
1651 2517 1665 2522 “

187 2585 347 2634 diuinis
367 2581 657 2647 et-precibuS‚
682 2581 713 2629 fi
732 2584 870 2648 priori
890 2583 1015 2641 sensu
1035 2584 1277 2647 accipiatur
1292 2579 1581 2692 vocabulursn:

411 2662 415 2665 ’
1536 2663 1580 2692 m
