1682 3068
480 103 1128 160 MVRATKORIVS
1446 126 1506 172 13

98 236 210 291 bant
231 234 375 291 domi,
419 237 524 299 {luas
545 236 591 280 in
611 233 973 280 sacris'faciendis'
984 235 1239 288 recitarent,
1276 230 1437 280 deinde
1458 243 1505 279 et

100 306 212 361 aliis,
245 306 322 368 qui
336 303 480 350 minus
499 301 647 348 diserti
671 312 748 347 aut
771 300 890 348 doffi
913 300 1074 357 effent3
1097 355 1099 359 ¹
1118 300 1277 367 quibus
1298 302 1502 365 quisque,

99 386 149 421 vt
169 374 332 428 voluit,
372 370 470 424 vsus
490 365 562 415 est.
641 371 698 417 Et
717 366 775 414 sic
793 386 976 432 quoque
997 387 1134 418 nemo
1161 367 1216 416 ab
1235 371 1362 416 initio
1400 386 1501 417 eam

98 439 396 490 necessitatem
421 434 494 483 sibi
514 433 767 500 impositam
789 441 984 500 putauit,
1022 450 1071 484 vt
1101 435 1176 485 fibi
1206 451 1298 485 non
1329 437 1499 500 aliquid

98 510 171 556 vel
193 506 353 555 addere
370 504 438 552 vel
460 503 639 551 demere
665 504 797 550 licere
829 503 1098 551 existimaret.
1194 506 1292 569 Ipse
1319 506 1502 568 quidem

96 578 368 625 Muratnriru
404 573 476 632 ⁴(c.
508 578 582 632 2.)
622 571 677 618 de
711 583 863 619 vetere
893 570 1108 619 Ecclesiae
1137 575 1267 620 Rom.
1296 573 1499 634 Liturgia

97 659 251 704 agens,
311 641 495 696 fatetur,
541 639 725 687 cuilibet
763 637 1002 693 Ecclesiae,
1055 640 1239 687 cuilibet
1275 641 1499 706 Episcopo

92 707 280 764 licuisse,
322 708 442 754 suam
473 705 684 754 instruere
716 711 845 755 nouis
875 706 1176 762 orationibus,
1231 726 1392 773 easque
1423 710 1495 757 vel

28 813 32 816 -
82 774 356 842 ‘emplificare
382 775 453 821 vel
479 778 702 822 minuere:
735 785 783 822 et
803 781 863 840 (p.
888 780 1013 838 ²²7·)
1038 773 1211 822 Missam
1235 779 1371 824 Flacii
1395 779 1495 842 llly-

88 850 168 894 rici
186 846 436 904 attingens,
477 860 573 890 cam
597 844 710 891 nihil
733 841 819 890 effe
847 843 983 900 aliud,
1031 860 1166 906 quam
1195 843 1341 906 ipsum
1363 845 1495 893 Ordi-

8 910 37 950 25‘
86 930 193 962 nem
214 915 489 965 Romanum,
519 914 645 958 variis
668 927 852 975 precum
874 911 1077 959 formulis
1100 923 1329 958 oneratam
1343 948 1353 967 ‚
1388 931 1491 977 qua·

0 1003 2 1007 ’
47 978 50 981 ’
84 999 181 1031 'rum
201 978 289 1028 tunt
308 979 406 1044 vfiaes
425 980 525 1026 liber
547 984 757 1045 unicuique
776 982 992 1027 Sacerdoti
1002 981 1149 1040 fuerit.
1217 981 1306 1027 His
1329 997 1494 1039 magna

85 1060 214 1115 parte
245 1046 398 1095 similia
429 1047 548 1103 sunt,
600 1065 712 1112 quae
741 1046 795 1092 de
824 1047 1032 1112 precibus
1071 1050 1117 1094 in
1148 1049 1189 1093 S.
1219 1046 1493 1096 Eucharistia

83 1114 336 1182 peragenda
359 1112 520 1162 disserit
538 1118 674 1163 Ianus·
695 1113 716 1165 ὁ
740 1116 1010 1182 pamel-mc,
1053 1115 1107 1162 ad
1129 1115 1296 1180 Eufibii
1320 1120 1399 1165 Or.
1434 1116 1491 1163 de

83 1187 169 1232 Die
185 1185 445 1238 Dominica,
477 1200 520 1249 p.
546 1199 619 1241 27.
641 1201 755 1247 quae
779 1181 808 1230 fi
831 1203 944 1231 nm
970 1182 1159 1248 probata
1176 1183 1367 1249 fuerint,
1404 1203 1491 1232 vr.-

84 1270 328 1300 uEnAnne
351 1269 632 1306 nmmum,
664 1252 959 1299 vehementer
975 1251 1189 1299 laetabor.

175 1324 270 1367 Iam
285 1321 514 1365 veniamus
535 1319 586 1364 ad
609 1331 741 1381 caput
767 1317 992 1367 institutae
1011 1319 1342 1384 Disputationis
1363 1321 1488 1368 Anti-

84 1387 430 1434 muratorianae:
471 1387 517 1432 in
537 1402 628 1448 quo
654 1386 924 1435 seruabimus
947 1387 1150 1434 ordinem
1180 1406 1203 1433 a
1224 1390 1486 1436 Muratorio

83 1455 143 1502 ita
162 1442 454 1517 descriptum,
494 1462 543 1500 vt
550 1457 740 1515 primum
763 1453 818 1500 de
840 1455 974 1501 Funis
994 1465 1037 1502 et
1059 1453 1161 1503 Vini
1187 1458 1230 1502 in
1253 1458 1422 1518 Corpus
1442 1464 1485 1503 et

82 1515 334 1587 Sanguinem
353 1521 507 1586 Chrafli
531 1522 782 1634 tonueffione
805 1539 831 1568 e
852 1524 1067 1583 Liturgiis
1089 1521 1304 1570 Ecclesiae
1324 1526 1486 1571 veteris

80 1582 327 1644 Romanae,
360 1604 394 1634 e.
417 1604 457 1649 g.
481 1585 652 1634 Ambro
670 1604 812 1645 ianae,
840 1606 876 1635 c.
905 1606 974 1637 10.
996 1601 1244 1637 ceterarum
1266 1590 1486 1639 Occiden-

79 1656 254 1714 talium‚
306 1672 348 1703 c«
377 1671 394 1703 1
411 1673 446 1704 ι.
479 1656 772 1703 Orientalium
801 1657 1076 1705 Graecarum
1114 1669 1163 1705 et
1192 1660 1484 1723 Syriacarum,

82 1727 119 1771 c.
153 1741 223 1771 12.
262 1739 330 1780 ¹3-
379 1725 757 1788 Aegyptiacarum
790 1742 826 1772 c.
861 1742 933 1784 14.
966 1726 1232 1791 disputaret,
1280 1725 1482 1775 adiunsta

80 1792 338 1860 yelitatione
366 1790 605 1838 cum'Sam.
634 1793 878 1860 Bafizagio,
923 1795 1167 1841 Annalium
1198 1795 1324 1842 Polit.
1362 1797 1481 1843 Eccl.

7 1866 13 1876 '
79 1856 283 1914 maore,
317 1860 361 1905 in
382 1875 468 1922 qua
489 1858 543 1906 de
567 1862 741 1907 Patrum
766 1865 833 1908 SS.
854 1862 963 1908 locis
987 1861 1298 1918 contenditur,
1342 1881 1378 1910 c.
1408 1881 1424 1911 ι
1441 1880 1479 1925 5.

0 1929 2 1931 ’
77 1930 218 1975 deinde
240 1926 472 1975 Veritatem
491 1928 691 1990 Sacmficii
710 1931 750 1975 in
769 1932 810 1976 S.
834 1931 965 1994 Miffiz
984 1947 1009 1976 e
1029 1933 1239 1992 Liturgiis
1261 1930 1480 1978 Occiden-

77 1993 178 2059 talis
197 2005 243 2041 et
263 1994 503 2041 Orientalis
526 1995 748 2052 Ecclesiae,
779 2013 815 2044 c.
841 2004 911 2046 16.
939 2015 1010 2056 ¹7·
1033 2010 1079 2045 et
1100 2003 1274 2046 Patrum
1297 1999 1481 2064 scriptis,

80 2077 116 2107 c.
143 2069 209 2116 18.
240 2060 504 2109 confirmare
526 2074 787 2111 conaretur:
821 2071 959 2123 tertio,
991 2068 1293 2114 Adorationem
1314 2069 1480 2115 Eucha-

47 2136 50 2138 “
79 2129 219 2197 νξβίαο
245 2126 305 2175 ex'
322 2127 477 2176 iisdem
508 2129 832 2190 demonstrare,
875 2151 909 2180 c.
940 2150 1008 2196 19.
1042 2144 1220 2199 quarto,
1261 2135 1479 2199 quosdam

76 2197 299 2261 Liturgiae
327 2199 459 2253 ritus,
499 2214 536 2246 c.
561 2215 635 2245 20.
663 2216 737 2247 21.
782 2205 948 2266 quinto,
983 2205 1291 2249 Inuocationem
1323 2205 1394 2249 SS.
1430 2205 1477 2251 in

79 2265 294 2324 Liturgia,
324 2279 360 2309 c.
383 2279 456 2312 22.
478 2267 630 2328 fixio,
664 2266 874 2333 denique,
911 2270 1244 2333 adstruationem
1269 2269 1476 2333 Corporis

78 2331 254 2396 Chrzsti,
287 2329 458 2396 perasta
479 2333 766 2391 Eucharistia,
794 2353 829 2382 c.
855 2353 929 2395 23.
962 2342 1077 2402 eique
1095 2338 1346 2402 prafftam
1362 2355 1477 2387 reue-

74 2403 273 2456 rentiam,
315 2402 607 2465 expofitionem
628 2413 670 2449 et
685 2405 1114 2468 circumgfiationem,
1158 2423 1195 2453 c.
1218 2422 1291 2463 24.
1326 2404 1476 2454 defen·

75 2463 211 2514 deret.
312 2466 409 2513 Erit
433 2479 583 2527 autem
612 2471 741 2518 nobis
765 2471 874 2518 haec
903 2474 947 2517 in
969 2471 1139 2537 septem
1168 2473 1309 2536 capita
1339 2475 1476 2522 diuisa

73 2531 278 2599 disputio,
299 2550 400 2582 cum
415 2538 716 2584 Muratoriana
736 2535 786 2585 sit
803 2540 1045 2604 sextuplex3
1079 2552 1333 2607 propterea,
1353 2543 1477 2608 quod

0 2600 17 2615 '
74 2617 256 2660 eorum,
298 2619 413 2667 quae
431 2603 485 2651 de
505 2606 616 2652 locis
635 2603 815 2653 Parrum
846 2606 1053 2673 disperse,
1091 2626 1175 2675 per
1198 2605 1303 2655 οᾶο
1324 2615 1474 2677 capita

1303 2699 1467 2746 priora-
