1682 3068
192 169 288 218 188
495 178 777 211 vmmcxan
816 179 1071 212 annu-111
1102 181 1292 215 mvun
1368 172 1370 174 ’

185 292 236 335 vt
261 298 355 330 non
389 282 528 332 modo
557 285 731 342 animo,
773 284 846 335 sed
872 288 1006 334 etiam
1038 304 1231 352 corpore
1260 285 1591 341 similitudinem

186 351 452 398 immortalis
471 355 669 416 parentis
689 353 899 402 referret:
929 372 1042 418 quae
1062 354 1092 402 si
1108 355 1163 402 ab
1184 353 1591 406 officiorumsobser·

185 420 366 466 vatione
416 430 463 466 et
506 418 733 469 sanffltate
770 421 1041 477 nasceretur,
1109 440 1232 470 nunc
1273 425 1421 471 etiam>
1447 424 1593 489 poss'et
1644 447 1645 450 ¹

185 487 361 534 homini
380 504 481 535 vere
502 486 746 537 Christiano
765 492 1048 551 contingere,
1073 502 1137 551 Vvt
1155 494 1393 539 Britannus
1412 493 1591 556 quidam

185 553 440 604 somniauit.
519 555 709 604 Acceffit
726 559 964 621 imperium
987 560 1032 604 in
1060 558 1215 606 bestias
1238 575 1416 616 omneS,
1455 563 1472 619 (
1487 562 1590 608 Gen.

183 625 260 679 II,
293 629 368 670 26.
391 630 495 679 28.)
523 622 721 672 diffimile
743 627 848 672 huic
868 624 1041 673 nostrae
1059 627 1130 674 vel
1160 629 1239 674 arti
1259 628 1327 674 vel
1347 627 1587 690 tyrannidi,

185 706 304 756 quae
333 692 378 736 in
406 692 522 740 illius
539 693 652 739 vitae
683 691 828 740 nudae
858 703 904 740 et
929 695 1110 741 inermis
1140 692 1463 758 simplicitatem
1494 710 1589 742 non

185 756 380 804 cadebat.
449 761 742 808 Domicilium
760 770 930 814 autem,
965 761 1086 825 quod
1109 762 1282 809 homini
1303 765 1348 809 in
1368 762 1588 810 amoenis·

184 823 297 872 fimo
318 836 365 872 et
385 828 566 891 copioso
594 827 818 876 frustuum
839 831 1046 876 omnium
1076 827 1238 877 deliciis
1264 830 1460 893 paradiso
1480 846 1588 877 con·

182 890 385 940 stitutum
407 905 500 941 erat
517 895 740 950 diuinitus,
760 913 891 958 quam
911 896 1022 943 nihil
1041 897 1172 944 habet
1191 896 1330 944 firnile
1349 897 1588 946 neceffibati

185 961 315 1008 alicui
333 959 599 1017 officiorum,
619 965 766 1009 omnia
785 961 1001 1010 simillima
1021 963 1340 1013 beneficentiae
1356 965 1586 1014 libertati?

183 1028 409 1092 Quicquid
439 1029 634 1094 denique
663 1031 804 1078 homo
837 1031 991 1078 habuit
1018 1030 1125 1079 boui
1150 1036 1197 1079 in
1229 1035 1401 1090 animo,
1459 1034 1587 1080 cuius

181 1093 322 1143 cauffa
342 1099 534 1159 imagine
551 1100 634 1145 Dei
653 1109 837 1146 ornatus
866 1099 1109 1157 diceretur,
1150 1099 1194 1147 id
1224 1117 1361 1147 omne
1392 1102 1432 1148 ei
1463 1097 1588 1146 desti-

179 1174 335 1211 natum
352 1182 403 1212 ac
420 1165 634 1213 donatum
653 1166 738 1213 fuit
761 1177 886 1223 ante,
933 1184 1063 1230 quam
1085 1167 1172 1215 vllo
1200 1165 1349 1214 officio
1371 1167 1589 1215 demereri

178 1234 332 1280 Deum
354 1231 504 1291 posset.
575 1233 734 1282 Amiss‘a
754 1235 856 1282 sunt
875 1234 993 1281 bona
1011 1235 1096 1289 illa,
1129 1236 1288 1282 violata
1306 1236 1405 1296 lege
1429 1235 1588 1282 diuina.

179 1294 364 1347 Redasti'
385 1301 592 1348 homines
614 1301 667 1349 ad
687 1301 995 1349 conditionem
1010 1299 1202 1358 tristem,
1245 1305 1394 1350 animo
1413 1302 1588 1367 cupidi·

180 1366 347 1414 tatibus
367 1369 625 1432 inquinato,
666 1385 857 1433 corpore
875 1385 980 1416 cum
1005 1370 1097 1416 aliis
1124 1371 1450 1426 incommodis,
1479 1381 1589 1419 tum

179 1433 349 1482 morbis
372 1446 418 1482 et
436 1439 570 1484 morti
590 1435 808 1493 obnoxio,
846 1447 943 1484 tota
963 1435 1157 1501 denique
1175 1440 1264 1485 vita
1283 1438 1445 1486 referta
1467 1436 1587 1485 labo*

176 1501 316 1559 ribuS‚
349 1515 395 1550 et
414 1503 733 1552 calamitatibus
753 1517 886 1568 atque
904 1503 1113 1552 molestiis
1133 1504 1367 1570 proposita.
1437 1510 1486 1553 In
1507 1506 1589 1552 hae

177 1569 270 1634 ipsa
294 1582 445 1618 tamen
472 1571 756 1628 conditione,
802 1590 897 1620 non
927 1572 1066 1619 modo
1099 1571 1250 1619 relista
1276 1573 1374 1619 sunt
1394 1573 1490 1628 illa,
1531 1571 1586 1619 de

178 1638 342 1702 quibus
359 1650 462 1686 ante
481 1638 646 1687 distum
676 1637 737 1685 est
764 1641 832 1700 (§.
862 1642 962 1701 ις.)
994 1639 1130 1695 bona,
1162 1642 1420 1687 communia
1439 1641 1584 1688 omni-

177 1704 286 1760 buS‚
325 1706 395 1752 sed
415 1708 555 1754 multa
575 1709 706 1753 etiam
729 1703 935 1768 promissa
957 1706 1109 1753 multis
1130 1718 1176 1753 et
1195 1707 1382 1765 tributa,
1415 1712 1461 1755 in
1486 1709 1587 1772 qui-

176 1772 264 1824 bus
285 1773 413 1830 facile
432 1785 637 1839 apparet,
672 1774 780 1820 nihil
798 1771 1036 1820 neceffitati
1057 1772 1414 1830 vlliofficiorum,
1435 1777 1585 1824 omnia

176 1838 449 1891 liberalitatis
475 1842 649 1891 diuinae
666 1839 848 1888 arbitrio
871 1840 1042 1888 deberi:
1059 1852 1108 1888 vt
1129 1840 1448 1890 docetPaullus
1459 1847 1584 1891 Rom·

175 1910 271 1964 IX,
298 1925 316 1955 1
332 1926 369 1955 1.
387 1924 458 1956 12.
477 1922 546 1967 1'3.
597 1913 726 1964 Quae
746 1910 904 1974 primis
925 1908 1194 1966 hominibus,
1215 1912 1385 1958 recenti
1405 1909 1583 1967 delisto,

176 1977 306 2038 (Gen.
331 1979 426 2032 III,
452 1993 470 2024 1
484 1981 543 2037 5.)
581 1975 775 2024 Noacho
798 1974 946 2040 postea
967 1979 1080 2034 (ibid.
1102 1979 1194 2031 XI,
1217 1995 1244 2036 9
1255 1979 1403 2043 fiqq.)
1446 1978 1583 2026 Abra·

175 2045 315 2095 hamo
336 2043 496 2091 deinde
516 2053 563 2091 et
584 2043 827 2109 posteritati
853 2046 947 2091 eius
984 2045 1117 2104 (XII,
1145 2062 1187 2092 2.
1211 2063 1249 2103 3.
1269 2062 1315 2104 7.
1336 2049 1441 2108 cet.)
1477 2063 1583 2111 pro-

177 2111 298 2160 miss'a
319 2123 367 2160 et
387 2113 486 2159 data
507 2111 619 2169 sunt,
651 2129 700 2160 ea
720 2114 816 2171 quis
840 2128 933 2159 non
955 2110 1097 2167 videt,
1132 2113 1256 2160 nullo
1274 2114 1453 2161 vinculo
1473 2131 1584 2162 con·

175 2178 324 2229 iunsta
345 2178 430 2228 effe
449 2196 553 2227 cum
574 2181 663 2228 vllo
685 2177 865 2227 officio?
909 2182 1057 2227 omnia
1078 2178 1165 2227 effe
1182 2176 1314 2228 libera
1335 2189 1383 2228 et
1400 2181 1582 2228 arbitra·

176 2250 241 2297 ria
272 2248 317 2295 iri
347 2246 619 2296 tribuendo?
675 2246 900 2311 Quicquid
929 2246 1123 2310 denique
1150 2247 1391 2296 Christiana
1420 2249 1579 2309 religio

174 2316 417 2381 pollicetur
444 2317 650 2380 proprie,
698 2332 750 2362 ex
778 2317 828 2362 iis
858 2315 971 2363 nihil
1001 2313 1083 2372 est,
1131 2317 1179 2362 in
1207 2333 1299 2380 quo
1327 2313 1580 2365 officiorum

174 2385 445 2432 naturalium
494 2401 543 2431 ac
580 2381 920 2431 necessariorum
965 2383 1111 2448 aliqua
1147 2385 1227 2431 vis.
1251 2394 1297 2430 et
1342 2380 1579 2432 efficientia

175 2453 355 2513 agnosci
385 2450 555 2501 debeat.
1520 2467 1524 2471 ’

279 2535 351 2576 17.
385 2523 438 2567 In
458 2521 512 2566 iis
531 2529 679 2568 autem
699 2517 852 2572 bonis,
884 2534 1077 2582 quorum
1099 2518 1195 2583 spes
1217 2516 1324 2566 facia
1343 2515 1405 2565 est
1423 2520 1577 2582 generi

175 2585 374 2634 humano
404 2589 708 2634 communiter
739 2583 1033 2650 ‘promissione
1063 2584 1231 2643 diuina,
1276 2587 1577 2650 principatum

172 2664 300 2707 tenet
330 2653 516 2701 felicitas
538 2671 611 2714 ea,
647 2671 759 2718 quae
786 2651 885 2719 post
913 2654 1030 2705 hanc
1057 2655 1189 2702 vitam
1219 2662 1439 2702 terrenam
1467 2671 1575 2702 con-

1431 2723 1578 2785 tingit.
1604 2730 1606 2732 ’
