1682 3068
177 140 276 176 200
480 143 760 175 vlunlchE
794 143 1051 177 Anu-run
1090 147 1272 178 mvnvs
1299 112 1311 123 ‘

172 264 271 298 non
292 247 430 297 modo
451 247 612 298 iustum
641 261 688 299 et
717 269 910 317 aequum
939 249 1059 308 esset,
1093 252 1352 318 praesertim
1371 253 1476 304 Deo
1494 259 1578 320 po·-⁴

173 315 371 372 stulante,
401 320 528 365 cuius
551 318 749 367 summus
770 330 818 367 et
838 318 1078 367 veriffimus
1105 332 1202 368 tum
1224 338 1350 369 amor
1369 333 1475 381 erat,
1506 319 1581 370 sed

175 386 307 433 etiam
334 384 607 434 vtiliffimum
627 385 714 443 fibi,
746 388 791 435 h.
813 404 849 434 e.
871 386 925 435 ad
954 387 1156 437 alendam
1178 386 1581 455 profer-eadamque

171 455 389 518 pietatem
431 453 839 512 accommodatum,
910 467 960 502 vt
998 453 1126 520 supra
1168 455 1582 505 demonstrauimus.

173 522 262 586 (§§
284 539 329 583 4.
364 536 407 584 5.
427 522 537 586 sqq.)
569 519 656 570 Etsi
681 533 832 570 autem
861 541 911 569 ea
938 534 1039 570 tum
1071 525 1272 572 hominis
1302 536 1458 572 natura
1474 536 1582 581 erat,

169 601 219 636 vt
248 590 290 635 ei
316 605 402 635 nec
430 590 636 637 voluntas
664 606 750 637 nec
770 590 952 638 facultas
975 587 1094 638 reste
1115 592 1303 640 faciendi
1324 590 1501 648 deesset,
1535 602 1583 639 et

169 655 384 704 haRenus
403 667 552 704 carere
574 669 751 721 poterat
773 657 992 713 institutis,
1011 658 1171 722 quibus
1191 661 1479 708 imbecillitati
1499 661 1581 708 hu·

171 741 326 772 manae
346 724 557 790 posthaec
573 724 940 782 subueniendum,
964 738 1012 773 et
1033 726 1255 776 inueRam
1274 731 1319 776 in
1339 731 1434 775 eius
1457 739 1583 774 natu·

173 809 270 842 ram
290 793 589 858 corruptelam
609 793 842 841 sanandam
869 791 996 841 fuisse
1020 793 1320 843 ostendimus:
1356 807 1506 843 tamen
1527 792 1583 842 ab

175 861 268 909 aliis
288 859 436 908 cauffis
465 861 617 907 talium
648 861 948 909 institutorum
976 862 1203 911 necessitas
1231 863 1446 927 quaedam
1469 862 1584 909 nasci

172 928 342 998 potuit.
384 926 553 985 Quodsi
575 930 702 976 nobis
723 947 816 977 non
835 931 988 977 liceret
1009 928 1167 979 caussas
1189 927 1284 978 istas
1304 930 1581 996 perspicere:

95 1060 98 1064 ι
173 1007 327 1044 tamen
355 996 535 1044 idoneas
564 995 701 1053 fuisse,
736 997 1027 1046 dubitandum
1059 990 1182 1046 nulli)
1202 998 1343 1045 modo
1362 997 1480 1044 foret
1502 997 1585 1044 ho-

175 1066 300 1121 mini,
337 1062 391 1110 de
416 1067 514 1110 Deo
539 1065 716 1130 eiusque
736 1063 949 1129 sapientia
969 1064 1087 1114 reste
1110 1066 1330 1122 sentienti,
1365 1062 1396 1112 fi
1414 1062 1584 1111 consta·

175 1129 258 1187 ret,
288 1133 330 1177 ei
362 1130 611 1178 conditioni
642 1131 809 1197 aliquid
829 1144 1119 1197 praeceptum
1139 1131 1278 1190 fuisse,
1313 1130 1434 1196 quod
1453 1143 1584 1181 natu-

175 1200 333 1249 ralium
364 1216 414 1246 ac
444 1197 783 1247 necessariorum
814 1198 1069 1248 officiorum
1097 1218 1291 1249 numero
1318 1199 1470 1246 haberi
1488 1214 1583 1245 non

176 1264 344 1334 poffet:
374 1266 547 1314 constat
565 1279 712 1315 autem
731 1267 966 1326 omnibus,
1001 1270 1078 1332 qui
1105 1271 1330 1316 veritatem
1350 1283 1405 1314 ac
1423 1264 1584 1314 diuini·
1664 1290 1667 1291 ⁷

178 1345 319 1382 tatem
341 1334 558 1382 librorum
573 1335 875 1382 Mosaicorum
895 1337 938 1381 in
952 1334 1276 1382 dubitationem
1299 1351 1392 1382 non
1409 1343 1586 1381 vocant.

177 1402 266 1451 Sed
293 1400 469 1449 fortasse
499 1403 602 1448 licet
631 1404 838 1450 nonnihil
866 1401 1040 1468 affequi,
1071 1402 1194 1466 quod
1217 1420 1310 1450 nou
1330 1401 1517 1449 absurde
1535 1402 1585 1448 in

179 1469 333 1518 cauffis
354 1468 439 1517 istis
458 1482 738 1517 numeretur:
769 1471 900 1535 quale
920 1471 1030 1518 illud
1051 1469 1126 1528 est,
1158 1471 1295 1536 quod,
1315 1487 1417 1518 cum
1439 1469 1586 1516 homi-

179 1555 260 1586 nes
280 1540 414 1604 primi
434 1537 568 1585 iidem
593 1539 671 1586 soli
690 1538 806 1586 hanc
825 1550 986 1585 terram
1007 1538 1275 1592 obtinerent,
1304 1536 1506 1584 nondum
1526 1534 1585 1581 fa·

179 1605 320 1654 cultas
342 1605 525 1653 dabatur
552 1623 710 1653 eorum
739 1602 1002 1661 officiorum,
1037 1623 1149 1669 quae
1173 1603 1320 1669 postea
1340 1601 1586 1650 multitudo

182 1675 358 1735 generis
376 1675 563 1720 humani
580 1686 628 1721 et
648 1674 829 1720 societas
842 1670 1076 1719 necessario
1098 1673 1257 1720 attulit.
1324 1673 1470 1732 Igitur
1492 1685 1587 1716 non

181 1740 321 1789 modo
340 1744 705 1796 consentaneum,
732 1739 805 1787 sed
826 1757 970 1805 prope
988 1737 1269 1786 necessarium
1289 1750 1394 1796 erat,
1426 1752 1588 1784 eorum

180 1810 335 1857 locum
362 1811 531 1862 interea
560 1807 766 1856 obtinere
794 1809 895 1865 alia,
937 1807 1116 1855 arbitrio
1136 1806 1308 1863 ‚diuino
1335 1803 1589 1854 constituta.

176 1875 235 1924 *ld
256 1874 315 1923 fic
331 1876 520 1936 intelligi
539 1875 737 1923 arbitror.
792 1879 846 1923 In
866 1878 992 1922 omni
1012 1877 1111 1937 lege
1127 1874 1291 1929 diuina,
1321 1874 1364 1920 id
1384 1871 1506 1936 quod
1527 1871 1591 1918 su-

183 1960 265 2011 pra
284 1946 557 1999 monuimus,
576 1946 630 2005 (§.
651 1946 717 2006 7.)
738 1945 878 1991 veluti
897 1942 1055 2008 duplex
1075 1940 1136 1989 est
1157 1939 1294 1989 cauffa
1311 1942 1403 1988 eius
1423 1941 1591 1986 seman-

187 2011 283 2068 dae,
315 2024 363 2059 et
392 2013 532 2059 veluti
563 2011 728 2075 duplex
758 2009 976 2059 officium:
1007 2027 1204 2076 quorum
1223 2009 1417 2056 alterum
1435 2006 1491 2054 ad
1516 2022 1591 2052 na-

186 2089 336 2128 turam
357 2090 405 2126 et
424 2080 785 2127 conuenientiam
805 2097 956 2126 rerum
976 2082 1184 2144 pertinet,
1217 2093 1302 2124 nec
1331 2075 1465 2123 habet
1486 2091 1591 2139 pro·

187 2149 289 2212 prie
308 2149 498 2213 aliquam
521 2143 885 2195 coniunstionem
904 2163 1007 2194 cum
1039 2147 1286 2208 religione;
1315 2143 1433 2192 vnde
1453 2139 1593 2188 existit

189 2213 352 2262 iustitia
369 2227 414 2262 et
433 2218 640 2279 aequitas,
661 2231 773 2279 quae
790 2216 997 2262 homines
1018 2226 1191 2262 ceteros
1210 2208 1514 2277 amplefflmr3
1532 2209 1594 2254 al·

190 2292 362 2339 terum,
397 2282 530 2347 idque
561 2284 699 2330 maius
722 2299 778 2329 ac
805 2283 1011 2335 nobilius,
1044 2281 1099 2328 ad
1125 2286 1273 2328 Deum
1302 2278 1512 2332 refertur,
1543 2286 1594 2323 et

193 2351 497 2399 obedientiam
514 2349 730 2398 aduersus
744 2353 839 2398 eius
858 2361 1105 2416 praecepta,
1123 2351 1172 2395 in
1190 2364 1282 2412 quo
1300 2347 1438 2410 pietas
1461 2354 1507 2389 et
1526 2359 1594 2389 re·

193 2419 302 2480 ligio
331 2420 538 2466 cernitur.
609 2417 697 2466 Vbi
722 2420 859 2479 igitur
889 2418 961 2465 illa
990 2419 1114 2482 prior
1141 2412 1414 2474 caussalegis
1440 2411 1594 2458 locum

193 2502 290 2533 non
318 2486 471 2542 habet,
504 2503 586 2550 per
612 2486 747 2550 ipsam
774 2503 924 2534 rerum
952 2485 1263 2548 temporisque
1287 2478 1595 2528 conditionem

194 2561 329 2616 atque
354 2564 571 2609 naturam,
606 2554 714 2600 haec
744 2565 894 2601 tamen
915 2550 1142 2600 retinenda
1162 2547 1244 2597 est:
1282 2559 1343 2604 et,
1377 2547 1596 2610 quoniam

194 2622 409 2667 naturalia
431 2621 506 2668 illa
525 2639 577 2668 ac
597 2619 828 2668 necessaria
846 2618 1032 2669 iustitiae
1059 2615 1204 2667 officia
1222 2615 1423 2662 nondum
1445 2611 1595 2659 existe·
1668 2636 1673 2641 -

194 2704 245 2736 re
268 2685 462 2754 possunt,
492 2687 727 2738 arbitrariis
760 2701 806 2737 et
835 2689 1088 2738 voluntariis
1117 2682 1284 2747 legibus
1317 2679 1596 2795 obedientiae

1390 2766 1414 2796 a
1447 2766 1525 2797 uer
1545 2762 1598 2796 us
