1682 3068
476 137 1122 175 MVRATO‘RIVS
1434 131 1505 182 55

23 302 27 305 ,
93 242 492 318 ἦὺίἆιᾞΐροηᾶετε
508 245 697 296 voluisse.
768 246 1017 303 Quidiuud
1040 231 1133 292 est‘.>r
1199 241 1333 299 Nihil
1364 238 1495 301 aliud,

94 337 229 386 quam
260 318 380 382 quod
401 335 431 364 -a
459 318 736 369 Bellar-mino,
775 317 1004 369 PerroniO,
1043 313 1204 362 Natale
1230 310 1492 367 Alexandro,

92 389 311 440 Armfflo,
337 387 516 448 aliisque
533 383 736 435 allatum,
770 380 937 428 dudum
957 381 1235 446 repudiatum
1253 376 1326 426 est.
1395 378 1492 433 Qui

93 453 258 502 instant
274 453 316 499 se
342 454 388 499 in
406 451 550 499 verbis
566 451 827 515 fitbstantiae
844 461 978 512 atque
994 459 1194 504 naturae,
1229 445 1301 494 vbi
1322 443 1490 492 caussae

90 523 288 588 ipsorum
315 519 466 566 fauere
488 517 735 573 videantur,
785 519 815 564 ii
844 517 940 574 hic,
982 515 1056 562 vbi
1088 526 1242 562 contra
1273 512 1355 570 est,
1393 528 1488 560 non

93 589 222 636 nimis
241 587 392 640 dicunt
409 585 604 648 vrgenda
626 584 733 643 effe,
768 600 853 631 nec
869 580 1095 652 dngfssemv
1117 583 1291 628 scholae
1309 581 1490 644 sequen·

96 655 214 703 dnm‘:
246 655 543 718 proprietates
563 655 695 701 etiam
716 669 957 715 corporum
978 649 1065 699 istis
1086 649 1227 697 verbis
1248 642 1487 710 designari:

96 732 315 770 externam
341 724 478 784 igitur
496 731 698 769 naturam
725 732 770 766 et
788 717 1066 767 substantiam
1084 733 1317 764 remanere
1342 734 1366 763 a
1383 731 1490 764 con-

56 807 59 809 ·
90 790 352 846 sectatione,
394 805 479 836 nec
504 788 685 836 transire
711 790 756 835 in
775 804 939 852 corpus
969 798 1015 834 et
1034 786 1292 847 sanguinem
1313 781 1489 839 christi,

87 857 161 905 sed
172 859 388 903 internam
401 876 412 903 ε
431 858 521 904 hoc
530 855 694 904 sensisse
703 853 924 903 Dostores
934 853 1150 902 Ecclesiae
1160 863 1345 908 vetereS,
1356 862 1489 915 atque

89 923 138 972 id
154 922 368 971 suffecisse
387 924 441 972 ad
460 923 765 973 retundendos
779 925 1096 986 Eutychianos.
1133 926 1262 977 Quae
1281 920 1382 967 sunt
1401 918 1492 965 ani·

88 991 203 1039 libus
220 990 378 1039 fabulis
398 991 623 1041 simillima.
702 997 753 1039 In
776 992 918 1039 verbis
948 1001 1146 1045 naturae,
1188 1000 1323 1051 atque
1351 988 1490 1034 etiam

90 1057 121 1107 si
151 1061 250 1124 quis
277 1062 339 1107 ita
359 1062 486 1116 velit,
522 1061 782 1126 fiabstantiae
812 1063 1093 1124 (quanquam
1120 1056 1316 1104 inaudita
1346 1050 1408 1100 est
1439 1054 1490 1101 in

89 1129 215 1175 omni
233 1130 492 1192 antiquitate
511 1127 768 1176 substantiae
786 1139 990 1175 externae
1012 1136 1058 1173 et
1077 1129 1275 1173 internae
1303 1118 1487 1181 diuisio,)

91 1192 178 1242 effe
199 1196 414 1258 quandam
435 1195 772 1258 ambiguitatem
786 1233 798 1253 ,
826 1193 1086 1243 concedam.
1182 1192 1268 1239 Sed
1286 1192 1377 1238 hoc
1394 1204 1489 1237 vno

89 1272 227 1309 nemo
258 1263 299 1310 se
321 1265 367 1310 in
390 1265 466 1310 tali
487 1264 741 1328 quaestione
767 1263 1015 1329 expedierit
1032 1259 1296 1320 commode3
1336 1254 1489 1305 viden-

93 1329 291 1392 dumque
318 1333 491 1393 potiuS,
541 1348 676 1395 quam
716 1332 807 1378 vim
846 1347 1052 1395 quaeque
1092 1326 1232 1377 caussa
1261 1325 1487 1374 desideret.

93 1395 234 1450 Quod
254 1401 298 1443 in
319 1397 386 1443 his
415 1399 525 1445 locis
554 1399 763 1464 perfacile
789 1395 852 1445 est
880 1396 1078 1445 definire.
1181 1397 1298 1442 Dico
1327 1395 1488 1455 igitur:

90 1465 229 1528 qualis
248 1463 299 1510 sit
319 1476 499 1512 naturae
523 1478 571 1513 et
600 1464 852 1513 substantiae
871 1467 957 1524 vis,
998 1481 1102 1511 cum
1128 1462 1332 1510 aduersus
1351 1464 1490 1522 Euty-

91 1532 275 1578 chianos
297 1533 554 1596 disputatur,
573 1546 775 1581 naturam
796 1544 933 1597 atque
949 1531 1225 1579 substantiam
1246 1530 1490 1577 humanam

90 1600 138 1647 in
166 1599 337 1647 Christo
364 1617 459 1647 non
487 1599 572 1648 esse
604 1600 810 1658 abo-litam
838 1612 971 1665 atque
998 1598 1247 1663 absorptam
1278 1615 1301 1644 a
1329 1596 1417 1644 diui

90 1667 227 1713 talem
252 1669 386 1715 etiam
414 1669 489 1714 hic
524 1668 858 1730 intelligendam
896 1665 1004 1724 effe,
1051 1676 1310 1732 propterea,
1363 1679 1456 1728 quo

91 1734 215 1790 alias,
259 1745 307 1782 vt
348 1747 450 1782 ante
478 1735 584 1795 dixi,
633 1738 956 1798 argumentatio
985 1732 1238 1783 Dostorum
1267 1729 1489 1779 Ecclesiae
1567 1756 1570 1757 ν

89 1802 257 1849 nullam
277 1804 366 1849 vim
385 1804 593 1860 haberet,
633 1806 705 1852 sed
730 1803 836 1851 esset
863 1805 1107 1869 perinepta.
1210 1803 1344 1849 Enim
1374 1815 1491 1858 vero,

89 1867 352 1918 falsissimum
374 1869 435 1917 est
458 1873 504 1919 in
533 1870 611 1919 ista
630 1871 927 1919 controuersia
947 1868 1204 1918 substantiae
1227 1880 1275 1916 et
1301 1879 1486 1916 naturae

89 1953 262 2002 nornen
291 1936 510 1987 Dostores
535 1938 751 2005 vsurpasse
780 1940 834 1986 de
863 1938 1125 2003 quibusdam
1157 1938 1346 1985 externis
1375 1952 1486 2001 pro-

90 2004 369 2070 prietatibus,
416 2017 463 2053 et
498 2020 546 2055 vt
574 2010 618 2054 in
654 2008 814 2055 scholis
846 2008 1114 2070 loquuntur,
1168 2003 1497 2060 accidentibus,-

91 2089 179 2118 nec
203 2072 292 2119 vllo
319 2073 458 2120 modo
501 2073 740 2122 sufficiebat
770 2073 1089 2129 demonstrare,
1156 2071 1233 2120 ista
1274 2070 1486 2119 sensibilia

92 2139 287 2186 hominis
307 2142 516 2188 attributa
532 2141 781 2190 remansisse.
818 2148 939 2190 Nam
957 2141 1226 2206 Eutychiani
1245 2157 1339 2187 non
1360 2148 1486 2186 erant

92 2208 153 2254 ita
172 2207 327 2265 insani,
357 2219 405 2255 vt
423 2215 659 2271 negarent,
685 2209 758 2257 ista
776 2228 828 2257 ex
849 2212 1127 2257 humanitate
1144 2212 1190 2256 in
1201 2205 1375 2256 Christo
1386 2203 1487 2271 post

92 2273 261 2334 ἕνωσιν,
312 2280 356 2322 in
382 2293 473 2340 qua
509 2280 747 2326 humanam
775 2277 1052 2325 substantiam
1082 2274 1238 2341 perisse
1268 2274 1488 2331 dicebant,

92 2340 360 2390 remansisse:
400 2346 476 2408 qui
497 2345 705 2403 sciebant,
737 2363 837 2392 eum
857 2343 1038 2409 spestari
1054 2345 1266 2408 tangique
1283 2340 1487 2408 potuisse,

94 2419 142 2456 et
171 2412 319 2458 omnia
352 2409 517 2468 fecisse,
565 2429 676 2476 quae
703 2416 795 2461 veri
830 2413 956 2460 homi
1075 2411 1295 2466 facerent,
1345 2407 1490 2468 edisse,

92 2477 264 2535 bibisse,
308 2478 562 2537 ambulasse,
607 2478 830 2527 dormisse:
898 2497 960 2544 qu
1049 2478 1166 2527 sunt.
1186 2496 1209 2525 a
1254 2477 1488 2526 diuinitate

93 2546 244 2594 aliena.
342 2550 570 2596 Internam
602 2545 882 2596 substantiam
919 2544 1116 2594 haustam
1156 2545 1212 2593 ab
1254 2545 1489 2594 diuinitate

97 2625 228 2679 atque
258 2615 466 2664 abolitam
495 2613 723 2673 dicebant,
769 2615 894 2679 quod
920 2615 1046 2663 aliter
1074 2612 1177 2660 duas
1205 2614 1491 2726 Ρετΐοηξῖίίη

127 2709 131 2711 ·
778 2687 822 2730 D
861 2699 890 2741 4
1315 2684 1351 2727 C
1410 2678 1492 2726 iio
