1650 3060
183 170 284 224 578
371 178 438 209 na
476 177 687 210 scaone
718 179 797 210 ιϊ
828 179 1160 214 nocronxnvs
1192 181 1450 217 vnn-:nvn

182 301 356 333 nomen
384 302 555 343 eorum,
582 286 662 350 qui
693 288 741 333 in
761 287 842 335 illo
859 287 1076 350 Synedrio
1106 288 1219 345 sunt,
1239 287 1454 355 adeoque
1469 289 1588 339 senass

177 355 315 400 toris:
351 354 422 400 sed
446 371 549 401 eum
571 353 780 402 deflorem
799 356 949 417 populi
965 357 1157 419 appellat
1177 356 1294 413 Iesus
1312 361 1377 405 Io.
1401 361 1483 415 111,
1509 375 1588 406 10.

175 423 292 468 Non
321 437 434 481 ergo
465 421 712 468 sacerdotes
742 421 844 469 sunt
882 423 1186 485 intelligendi,
1239 421 1318 472 etsi
1343 425 1461 472 inter
1503 439 1585 472 eos

174 504 360 552 quoque
390 485 476 536 effe
503 487 709 536 doaores
738 499 944 554 potuere,
976 488 1007 537 fi
1036 493 1112 555 qui
1141 491 1267 556 supra
1294 507 1456 539 munus
1475 490 1584 539 illud

175 558 526 604 cerimoniarum
559 558 774 604 sacrarum
811 557 1164 622 peragendarum
1202 559 1246 605 se
1272 559 1476 607 attollere
1503 576 1584 606 vo·
1621 586 1632 595 --

175 621 344 680 luisset,
390 634 438 670 et
470 623 691 671 scientiam
719 641 871 673 rerum
902 625 1149 674 diuinarum
1180 627 1445 674 consecutus
1475 623 1582 675 esset

177 689 423 748 eiusmodi,
467 702 513 738 vt
543 691 706 739 docere
742 689 899 757 poss‘et.
971 698 1123 758 Atque
1163 694 1273 741 hinc
1306 695 1582 755 intelligitur,

174 775 314 823 quare
346 762 391 805 in
427 762 659 821 mentione
687 758 892 823 Synedrii
927 759 1054 825 saepe
1090 777 1195 808 cum
1222 760 1462 817 Pontifice,
1503 769 1582 808 aut

171 824 478 893 pontificibus,
505 828 549 875 h.
578 844 615 874 e.
643 829 721 892 qui
747 845 773 872 e
803 838 938 886 gente
956 830 1214 876 Aaronitica
1232 827 1373 876 effent
1406 827 1580 891 (γένους

175 894 514 960 &extrem-mod)
535 896 796 955 iunguntur,
814 893 936 942 ficuti
956 905 1002 942 et
1024 896 1237 943 Pharisaei
1261 907 1309 943 et
1329 895 1578 943 Sadducaei.

175 964 385 1026 Suntque
403 963 455 1007 iis
481 962 526 1008 in
557 962 666 1008 locis
689 961 968 1021 intelligendi
987 967 1238 1019 Senatores,
1270 965 1348 1028 qui
1371 961 1509 1010 effent
1527 964 1581 1010 ii·

156 1028 281 1076 -dem
308 1027 528 1082 dostores,
556 1030 676 1092 iique
701 1030 770 1077 vel
799 1045 825 1074 e
852 1029 1100 1086 Pharisaica,
1129 1031 1200 1078 vel
1227 1029 1583 1079 Sadducaeorum

176 1095 306 1144 seaa.
376 1101 533 1158 ltaque
563 1095 788 1143 interdum
818 1105 970 1144 toturn
996 1096 1263 1161 Synedrium
1291 1114 1376 1162 per
1401 1096 1586 1146 Pontifi-

178 1181 255 1211 ces
280 1174 326 1210 et
351 1165 434 1212 hos
455 1161 664 1210 dostores
700 1165 984 1228 exprimitur,
1016 1164 1271 1228 praesertim
1301 1163 1332 1212 fi
1360 1163 1414 1213 de
1441 1181 1492 1212 re
1519 1162 1583 1212 est

176 1233 335 1287 sermo,
369 1248 480 1295 quae
504 1230 557 1277 ad
577 1228 824 1279 dostrinam
843 1243 894 1279 et,
907 1233 1249 1294 intelligentiam
1272 1233 1503 1280 literarum
1524 1231 1583 1279 sa-

177 1316 353 1346 crarum
376 1303 609 1363 pertineat,
631 1309 676 1346 vt
697 1300 988 1362 Matth.11,‡4.
1056 1303 1269 1350 Ceterum
1291 1300 1477 1347 Scholae
1497 1315 1581 1347 no-

177 1383 285 1417 men
314 1367 398 1415 illis
429 1365 706 1431 temporibus
726 1384 818 1414 non
843 1369 1076 1432 reperitur,
1107 1365 1206 1431 post
1223 1366 1406 1415 demum
1427 1367 1484 1413 de
1504 1365 1583 1418 do,-

175 1432 377 1482 {toribus
406 1435 600 1498 vsurpari
628 1446 871 1499 coeptum:
911 1451 1015 1482 nam
1043 1434 1368 1498 synagogarum
1400 1450 1581 1491 nomen,

176 1501 301 1567 quod
329 1507 374 1548 in
404 1499 549 1550 nostra
576 1502 729 1563 lingua
758 1520 815 1551 eo
836 1502 974 1550 verbo
1006 1505 1287 1567 exprimitur„
1313 1502 1580 1567 plerumque

175 1569 293 1619 aliud
312 1567 384 1626 est,
419 1571 545 1617 locus
565 1569 771 1634 publicus
790 1586 976 1635 precum
994 1573 1159 1634 potius,
1191 1587 1326 1635 quam
1348 1566 1577 1618 dostrinae

175 1638 404 1702 publicae:
439 1653 523 1688 nec
551 1654 629 1684 eae
654 1635 1042 1689 certosrdoGores
1073 1637 1288 1694 habuere,
1329 1636 1403 1684 sed
1431 1639 1508 1700 qui
1533 1635 1579 1682 se

177 1703 260 1770 ipsi
280 1704 557 1767 praeberent.
627 1702 728 1751 Post
750 1706 823 1752 illa
843 1717 1051 1768 tempora
1072 1714 1378 1751 memorantur
1402 1703 1578 1749 scholae

177 1774 401 1828 Iudaicae,
429 1771 672 1819 'Tiberiade
698 1782 745 1819 et
773 1771 1005 1835 Babylone
1033 1773 1260 1834 inprimis3
1307 1770 1380 1817 sed
1404 1787 1464 1817 ne
1493 1769 1579 1816 hae

179 1839 362 1905 quidem
387 1857 416 1886 e
443 1837 586 1887 nostra
615 1838 938 1887 consuetudine
967 1839 1067 1885 sunt
1094 1836 1341 1903 capiendae.
1410 1839 1577 1900 Neque

180 1909 303 1955 enim
334 1906 388 1954 ad
416 1924 494 1955 eos
526 1904 733 1954 dostores
763 1906 1011 1963 veniebant,
1047 1908 1125 1970 qui
1153 1905 1301 1952 adhuc
1328 1907 1496 1959 tirones
1517 1906 1580 1952 es·

180 1976 298 2029 sent,
353 1974 424 2021 sed
454 1977 538 2022 iam
566 1972 771 2038 proueffl
801 1976 847 2021 in
884 1976 1108 2022 literarum
1135 1973 1351 2021 sacrarum
1387 1972 1578 2027 scientia,

179 2043 309 2103 saepe
339 2042 417 2107 ipsi
443 2045 529 2089 iam
564 2041 788 2098 dostores,
820 2052 868 2089 vt
892 2060 996 2089 cum
1021 2043 1074 2088 iis
1101 2038 1413 2095 conuersando,
1445 2039 1577 2103 super

177 2108 445 2158 difficiliores
458 2107 731 2174 quaestiones
753 2107 1012 2167 differendo,
1022 2109 1076 2156 ad
1094 2105 1415 2174 perfestionem
1441 2107 1575 2154 scien-

175 2181 265 2225 tiae
295 2180 583 2243 peruenirent
624 2187 671 2224 et
706 2176 760 2224 ad
791 2194 949 2226 eorum
977 2177 1163 2238 gloriam
1189 2171 1367 2241 possent
1393 2184 1577 2222 conten·

175 2244 298 2292 dere.
895 2269 900 2271 -

175 2354 177 2357 ⁴
276 2316 426 2376 Atque
448 2311 562 2358 haec
589 2314 702 2359 ratio
723 2330 747 2358 a
763 2311 932 2361 Iudaeis
951 2308 1006 2358 ad
1026 2308 1297 2371 Christianos
1314 2319 1361 2356 et
1379 2310 1576 2372 primum
1627 2318 1629 2322 ’

176 2382 375 2428 Graecos
398 2377 459 2426 est
478 2391 732 2443 propagata,
765 2382 878 2429 inter
904 2396 1020 2444 quos
1049 2376 1575 2441 philosophorumscho-

174 2447 245 2494 lae
267 2449 350 2495 illis
371 2446 555 2494 Iudaicis
577 2444 729 2493 similes
742 2447 926 2494 fuerant.
992 2449 1162 2493 Primos
1179 2443 1358 2509 quidem
1368 2442 1575 2505 doaores

171 2516 282 2560 tales
309 2514 426 2577 apud
447 2513 765 2561 Alexandrinos
790 2517 1050 2577 reperimuS,
1077 2511 1194 2576 apud
1222 2528 1335 2576 quos
1365 2521 1464 2556 ante
1484 2512 1581 2560 iam

170 2582 546 2646 philosophorum
577 2582 750 2629 scholae
780 2583 888 2633 tales
917 2584 1174 2636 extiterant,
1210 2582 1257 2625 in
1286 2579 1352 2624 his
1379 2577 1493 2623 clara
1522 2577 1572 2622 in
1620 2611 1629 2625 ,

169 2650 327 2715 primis
349 2647 572 2698 Eclestica
595 2649 680 2707 illa,
706 2666 730 2696 a
749 2652 976 2697 Pantaeno
997 2658 1106 2703 orta,
1142 2660 1189 2695 vt
1205 2645 1300 2692 satis
1319 2654 1479 2692 notum
1498 2639 1573 2756 elst.

1535 2727 1565 2757 η
1617 2723 1629 2782 Li
