1682 3068
282 151 354 183 11·
378 120 673 184 snruvnsss
696 149 730 177 1.
754 147 795 178 C.
825 147 886 178 18
911 145 1088 176 col-:NA
1110 142 1280 175 SACRA
1383 141 1485 190 143

58 248 314 315 'dantibus
340 256 540 306 redditae
566 249 727 309 essent,
770 253 980 299 conuiuia
1005 249 1119 312 fa&
1144 249 1265 307 sunt,
1302 257 1351 296 vt
1385 247 1481 297 dies

79 325 277 376 sacrificii
303 333 384 390 per
414 323 623 371 laetitiam
640 316 876 367 honestam
897 331 942 366 et
969 318 1196 366 liberalem
1221 314 1481 378 transigere·

78 404 167 442 tur.
266 396 424 457 Itaque
437 398 782 450 argumentum,
823 385 948 451 quod
973 385 1028 434 ab
1051 387 1105 434 iis
1122 385 1264 453 epulis
1290 385 1482 442 ducitur,

79 463 170 510 vim
189 457 353 508 habere
366 458 534 505 nullam
555 451 715 520 potest.

187 532 260 577 16.
299 523 386 574 Sed
412 524 558 571 multo
586 525 735 568 minus
758 518 1041 585 probandum
1070 519 1133 567 est
1150 530 1481 582 argumentum,

79 593 204 661 quod
213 591 480 651 nonrmlliab
496 587 596 655 ipsis
606 587 821 637 sacrificiis
840 590 1079 650 gentilium
1100 599 1323 653 repetunt.
1358 592 1484 648 Nam

80 659 360 712 instuificiis
379 660 455 716 iis,
488 657 669 720 quibuS,
699 667 748 703 vt
768 658 956 721 opinor,
990 654 1175 703 foedera
1193 657 1482 713 sancirentur,

59 744 253 782 ‚motem
275 727 400 774 hunc
418 724 573 782 fuiss'e,
615 736 665 772 vt
683 725 859 784 sanguis
879 721 1083 772 viffimae
1101 734 1253 788 patera
1270 734 1483 789 exceptus

79 793 440 845 mansei-retur
457 790 698 854 gustandus
728 793 821 847 his,
866 809 982 857 quos
1010 793 1130 838 inter
1156 790 1314 839 foedus
1340 803 1482 856 patra-

78 875 179 913 tum
196 859 313 910 esset.
393 861 467 908 Ad
486 861 618 908 huius
640 869 790 908 autem
808 862 947 907 moris
975 860 1272 910 imitationem
1291 859 1484 906 referen-

77 930 188 980 dum
218 927 304 977 ess'e
323 931 501 977 Coenae
527 927 668 976 sacrae
697 928 898 984 calicem,
941 944 1076 992 quem
1104 925 1263 974 diserte
1289 925 1482 974 foederis

75 998 188 1046 noui
204 994 405 1046 Christus
420 996 636 1062 appellet,
667 995 881 1058 sanguine
897 994 977 1043 suo
998 993 1238 1051 sanciendi;
1306 1011 1407 1041 cum
1429 1011 1483 1040 ex

13 1119 29 1126 A
77 1065 214 1114 altera
239 1076 367 1132 parte
394 1062 568 1112 constet
596 1081 622 1111 e
639 1061 839 1111 vistimae
858 1062 1092 1110 foederalis
1121 1061 1328 1111 carnibus
1358 1078 1482 1108 com·

78 1130 231 1190 edisse,
270 1134 347 1198 qui
366 1131 560 1180 foederis
581 1129 798 1178 sanciendi
818 1129 958 1179 essent
974 1131 1225 1196 participes.
1324 1130 1482 1178 Malle·

0 1200 1 1250 ζ
75 1217 179 1249 mus
194 1202 350 1265 vtique
377 1196 623 1248 abstinuisse
641 1201 772 1246 Viros
792 1197 949 1247 doRos
972 1209 1020 1245 et
1051 1192 1357 1246 defendendae
1370 1199 1484 1245 veri-

78 1270 204 1323 tntis,
243 1266 365 1331 quod
393 1266 661 1323 laudamuS,-
687 1266 899 1331 cupidos,
943 1265 996 1312 ab
1023 1267 1155 1313 huius
1186 1267 1250 1312 rei
1278 1281 1480 1312 comme·

78 1333 320 1383 mutandae
339 1344 387 1380 et
406 1333 463 1380 ad
476 1332 748 1382 firmandum
775 1332 938 1396 dogma
949 1332 1161 1381 Ecclefiae
1183 1331 1354 1381 nostrae
1375 1351 1482 1380 con-

80 1401 288 1451 ferendae
305 1399 508 1459 consilio,
540 1418 678 1465 quam
700 1403 792 1448 eius
811 1403 994 1449 rationis
1013 1399 1283 1448 refellendae
1304 1400 1480 1448 neceffi-
1502 1449 1509 1452 ,

79 1481 216 1519 ntem
236 1467 366 1516 nobis
395 1467 657 1533 imposuisse.
753 1472 897 1525 Nam,
935 1479 983 1516 vt
1011 1469 1088 1517 alia
1116 1470 1317 1526 mittam,
1357 1480 1479 1515 certe

78 1538 199 1585 inter
219 1535 431 1592 *Iudaeum
477 1534 638 1599 quibus
672 1537 860 1583 omnino
895 1535 1019 1583 nefas
1050 1534 1178 1592 efl'et,
1221 1537 1479 1598 sanguinem

38 1661 39 1664 Ἴ
81 1602 277 1667 gustare,
320 1604 456 1650 talem
484 1620 661 1651 morem
687 1619 782 1650 non
809 1602 954 1658 fuisse,
989 1613 1058 1659 et,
1094 1602 1125 1651 si
1154 1604 1337 1651 aliarum
1370 1622 1479 1664 gen-

36 1669 37 1673 *
78 1675 194 1722 tium
233 1671 386 1727 fuerit,
436 1669 490 1719 ab
529 1688 585 1718 eo
612 1672 675 1717 rei
708 1688 733 1717 a
759 1671 859 1718 Iesu
884 1668 1108 1719 institutae
1138 1673 1479 1737 explicationem

78 1749 260 1806 petere,
299 1754 454 1803 parum
477 1738 730 1801 religiosum
750 1737 911 1800 videri3
979 1750 1077 1787 tota
1095 1757 1167 1786 res
1190 1737 1394 1803 profesto
1415 1739 1479 1788 est

80 1808 402 1855 commentitia.
498 1805 722 1855 Omnibus
757 1809 877 1853 enim
913 1807 1093 1872 populis
1130 1806 1375 1855 abhorrens
1421 1807 1476 1856 ab

79 1875 374 1929 humanitate,
423 1882 471 1920 vt
497 1871 580 1932 est,
626 1876 684 1921 ita
710 1874 850 1922 visum
886 1873 971 1922 esse
1006 1876 1103 1923 satis
1143 1873 1332 1932 constat,
1384 1876 1477 1924 san·

15 1937 21 1943 ’
82 1943 268 2005 guinem
294 1957 453 1988 recens
483 1941 629 1989 fusum
665 1959 690 1988 e
723 1947 847 1990 venis
878 1939 1114 1990 bestiarum
1153 1943 1325 1991 bibere:
1394 1962 1479 1992 nec

58 2009 222 2057 ‘Vllum
268 2011 313 2055 in
364 2011 533 2069 graecis
588 2010 823 2074 latinisque
872 2010 1158 2076 scriptoribus
1193 2022 1313 2059 extat
1364 2016 1478 2060 ritus

81 2076 209 2132 ulis,
258 2075 380 2141 quod
410 2090 498 2135 ego
528 2081 845 2137 cognouerim,
883 2078 1124 2141 vestigium.
1210 2086 1362 2144 Atque
1391 2098 1478 2141 ego

52 2143 269 2199 ‘amemini
302 2158 377 2189 me
403 2142 555 2189 audire
584 2143 801 2206 dogmatis
830 2149 1103 2208 Zwingliani
1134 2144 1355 2204 asseclam,
1400 2152 1479 2213 qui

42 2253 47 2263 ,Α
80 2210 312 2259 foederum
342 2210 587 2273 priscorum
620 2214 709 2259 ritu
743 2212 796 2261 ad
826 2213 872 2260 id
907 2213 1172 2262 firmandum
1205 2214 1477 2266 abuteretur.

81 2281 208 2325 Nam
226 2280 273 2324 in
293 2277 371 2324 illo
390 2276 618 2325 foederum
648 2296 729 2344 per
748 2279 967 2329 viffimam
997 2281 1334 2331 sanciendomm
1365 2282 1478 2340 astu,

84 2344 249 2403 aiebat,
291 2355 489 2409 pateram
510 2347 598 2393 vini
616 2349 915 2395 circumlatam
937 2347 1022 2396 effe
1040 2349 1222 2397 bibendi
1242 2353 1397 2413 gratia,
1427 2363 1479 2399 vt

81 2429 140 2460 eo
157 2425 272 2476 potu
290 2411 483 2458 foederis
502 2416 736 2478 participes
753 2414 937 2476 fierent3
981 2416 1115 2481 idque
1144 2419 1296 2466 vinum
1326 2418 1477 2467 datum

54 2525 55 2529 ,
84 2478 172 2527 esse
199 2481 301 2527 loco
332 2481 567 2539 sanguinis,
620 2498 753 2545 quem
782 2481 954 2543 gustare
990 2484 1114 2532 nefas
1142 2483 1248 2533 esset
1274 2488 1478 2535 moribus

82 2548 303 2595 humanis.
353 2546 423 2594 Ad
444 2563 544 2593 eum
564 2548 700 2608 igitur
719 2549 902 2597 modum
923 2550 1142 2600 Christum
1163 2570 1248 2601 nos
1277 2554 1332 2600 ad
1352 2572 1475 2601 com-

81 2617 361 2682 munionem·
378 2613 591 2673 foederis,
638 2613 815 2666 vistima
853 2621 1055 2686 corporis
1096 2620 1182 2684 sui,
1228 2626 1478 2690 perpetrati

1322 2690 1479 2739 adduci
