1682 3068
198 142 294 204 256
502 152 786 186 vmmcraz
815 151 1081 187 ,Διωτιη
1113 157 1300 187 nxvnu

196 259 408 318 taalssue
426 261 574 326 potius
601 259 1120 319 neceffitassadimatum
1157 261 1600 312 deindefisanffitati
1660 305 1673 316 ,

197 346 382 396 quoque
402 329 528 376 suum
549 327 788 383 tribuatur,
826 329 867 375 h.
895 347 931 378 e.
952 328 982 376 fi
1003 335 1048 377 in
1070 340 1283 393 vtroque,
1322 332 1523 395 inprimis
1552 336 1600 379 in

197 398 338 448 modo
360 397 451 461 spei
471 395 699 451 tenendae,
733 396 846 445 nihil
866 395 929 452 sit,
965 396 1089 461 quod
1109 395 1365 445 hominibus
1376 399 1444 446 vel
1457 401 1600 447 neces·

197 464 371 514 {itatem
390 461 622 516 sanstitatis
643 463 854 516 colendae
873 464 1035 521 demat,
1055 476 1129 511 aut
1147 466 1327 525 minuat„
1359 467 1432 514 vel
1452 469 1602 515 volun·

197 543 352 587 tatem,
383 531 576 595 denique
596 531 877 579 facultatem:
909 532 982 580 sed
1002 535 1152 580 omnia
1170 531 1223 578 ad
1244 531 1400 581 arffius
1419 533 1602 583 adstrin-

200 600 399 663 gendum
430 599 711 659 obligationis
741 599 992 656 vinculum,
1031 600 1084 646 ad
1103 598 1296 647 studium
1319 603 1421 648 ⁴eius
1451 605 1601 650 incen÷

200 668 423 725 (lendum,
452 678 499 714 et
516 666 571 714 ad
586 666 847 714 facultatem
868 670 962 716 eius
984 667 1320 731 consequendae
1338 673 1602 731 ingeneran-

202 738 304 785 dam
324 733 660 798 augendamque
682 734 879 782 valentia.
957 738 1075 783 Nam
1108 737 1167 782 ita
1187 735 1320 782 rebus
1341 734 1602 793 constitutiS,

199 808 354 859 etiam,
374 814 422 851 vt
440 805 498 856 ita
517 799 733 856 dicamus,
768 802 962 850 lucratur
981 801 1174 851 maiestas
1197 802 1363 858 diuina,
1395 806 1485 853 he.
1508 822 1602 853 non

198 871 339 923 modo
361 869 469 918 salua
489 869 578 933 ipsa
599 869 868 932 relinquitur
886 868 1043 918 iustitia
1063 882 1108 917 et
1128 869 1338 925 sanffltas,
1371 871 1444 919 sed
1466 877 1603 920 etiam

198 937 456 994 illustratur,
491 948 538 984 et
564 937 774 986 bonitatis
803 950 850 984 et
879 938 1112 1002 sapientiae
1140 938 1349 1002 operibus
1379 940 1602 1001 gaudendi

200 1004 360 1067 eauffas
381 1007 562 1069 accipit;
603 1007 652 1052 in
673 1021 763 1068 quo
785 1005 880 1072 ipso
908 1003 1018 1053 inest
1039 1008 1242 1054 omnium
1272 1010 1391 1054 inter
1418 1007 1461 1054 se
1494 1025 1602 1056 con-

198 1074 378 1140 spiratio
400 1083 447 1124 et
463 1071 712 1121 concordia.

210 1196 214 1199 .
292 1151 370 1204 70.
404 1139 488 1199 Sed
509 1141 719 1204 quoniam
742 1156 835 1187 non
856 1142 1004 1189 minus
1021 1141 1196 1189 bonitas
1217 1144 1303 1189 Dei
1324 1141 1603 1207 sapiensillu·

199 1205 494 1264 stratidebet‚
537 1224 672 1272 quam
705 1218 851 1260 cetera
881 1212 976 1256 eius
1006 1207 1223 1264 maiestas,
1260 1211 1391 1259 huius
1423 1227 1604 1275 quoque

199 1278 314 1330 ratio
333 1275 525 1323 habetur
545 1277 592 1322 in
611 1275 837 1336 religionis
859 1274 1136 1341 perfefflone
1155 1276 1396 1324 iudicanda.
1447 1282 1604 1341 Itaque

201 1356 302 1393 turn
321 1345 510 1391 maxime
533 1343 873 1390 consentaneam
893 1341 1158 1408 perfestioni
1175 1345 1347 1391 diuinae
1368 1343 1604 1405 etdignam

199 1410 423 1460 maiestate
445 1413 540 1458 eius
560 1409 779 1477 dic-emus,
819 1409 848 1457 si
867 1412 964 1476 spes
987 1412 1135 1459 salutis
1154 1411 1488 1476 consequendae
1508 1423 1606 1478 tota

202 1479 456 1533 conferatur
473 1477 527 1525 ad
547 1477 810 1525 beneficium
834 1479 1048 1534 diuinum,
1067 1482 1112 1525 in
1135 1495 1278 1542 eaque
1294 1480 1414 1526 nulla
1430 1479 1609 1527 homini

200 1542 304 1613 pars
325 1548 622 1610 relinquatur:
653 1563 759 1602 non,
788 1564 880 1610 quo
901 1550 963 1594 ita
983 1550 1024 1594 ei
1043 1548 1279 1602 tribuatur,
1312 1559 1362 1593 vt
1381 1545 1538 1595 iustitia
1556 1558 1606 1594 et

124 1648 128 1651 -
202 1613 402 1678 fanffitas
425 1614 570 1660 diuina
589 1612 809 1669 laedatur,
853 1614 972 1677 quod
992 1625 1095 1661 ante
1114 1613 1466 1677 repudiauim1193
1531 1613 1605 1662 sed

201 1694 253 1732 vt
273 1685 318 1730 in
342 1683 433 1747 spei
452 1679 678 1736 firmitate,
707 1697 800 1726 non
821 1680 898 1728 suo
930 1682 1090 1728 merito
1110 1692 1185 1728 aut
1203 1683 1274 1728 sua
1291 1681 1510 1741 dignitate,
1531 1681 1609 1730 sed

203 1750 293 1801 [ola
313 1751 398 1797 Dei
419 1747 618 1795 bonitate
638 1749 815 1795 nitatur.
914 1751 1043 1803 Quae
1061 1752 1174 1795 ratio
1204 1750 1318 1796 hanc
1334 1753 1422 1796 vim
1459 1751 1610 1806 habet,

200 1828 251 1867 vt
269 1820 312 1865 in
327 1816 464 1864 salute
484 1816 675 1862 hominis
697 1818 845 1862 omnia
859 1814 942 1862 {int
955 1817 1112 1871 diuina,
1127 1817 1236 1863 nihil
1254 1816 1462 1874 humani3
1479 1815 1606 1879 quod

205 1886 452 1952 plurimum
473 1883 617 1930 valere
633 1883 686 1930 ad
705 1883 1058 1943 magnitudinem
1079 1883 1297 1939 beneficii,
1330 1896 1378 1933 et
1395 1886 1609 1933 bonitatis

205 1953 318 2005 adeo
339 1952 514 2000 diuinae
535 1949 865 2010 intelligendam
883 1988 894 2007 ‚
933 1969 1088 1998 omnes
1111 1952 1279 2000 vident.
1351 1953 1439 1999 Sed
1474 1953 1607 1999 habet

208 2039 258 2069 ea
276 2037 347 2067 res
365 2022 498 2067 etiam
517 2020 608 2067 hoc
629 2018 919 2066 commodum
932 2056 942 2074 ,
987 2021 1033 2066 in
1054 2019 1138 2066 hac
1156 2019 1338 2084 quidem
1357 2021 1435 2067 tali
1453 2019 1606 2076 cauffa5

205 2091 253 2136 in
273 2105 360 2154 qua
385 2086 494 2134 salus
525 2088 716 2139 hominis
735 2098 781 2133 et
810 2088 1101 2150 tranquillitas
1128 2105 1228 2135 vera
1255 2091 1414 2135 mentis
1449 2091 1606 2149 agitur,

205 2157 342 2218 longe
362 2157 622 2210 maximum,
664 2152 787 2218 quod
812 2157 870 2201 ita
906 2155 1002 2219 spes
1032 2154 1178 2202 salutis
1197 2157 1357 2218 accipit
1386 2155 1605 2205 summam

204 2226 457 2278 veritatem,
505 2233 551 2269 et
566 2219 851 2286 ἀσφάλειαν,
891 2233 939 2269 vt
960 2223 1078 2269 bene
1102 2221 1235 2270 docet
1250 2225 1386 2269 'etiam
1408 2226 1460 2268 D.
1484 2225 1607 2271 Paul·

206 2293 302 2349 luS‚
339 2293 417 2355 qui
437 2301 675 2354 propterea
705 2286 833 2338 nard
857 2288 988 2355 χάριν
1016 2291 1161 2337 salutis
1191 2290 1311 2354 spem
1334 2290 1606 2354 proposita-m

206 2362 267 2407 ait
286 2362 410 2407 Rom.
428 2361 459 2405 I
461 2359 512 2415 V}
539 2365 609 2406 16.
643 2357 699 2411 εἰς
718 2358 765 2410 τὸ
786 2357 885 2417 εἶναι,
905 2355 1097 2418 βεβαίαν
1114 2356 1182 2413 τήν
1210 2359 1522 2421 ἐπαγγελίαν,
1556 2369 1606 2407 vt

199 2427 334 2490 firma
355 2438 397 2474 et
407 2434 528 2473 -certa
543 2427 606 2492 stt
617 2428 837 2488 promffO.

202 2491 210 2497 ²
307 2510 381 2554 71.
416 2495 593 2540 Etenim
618 2491 692 2539 etsi
711 2495 858 2540 omnis
878 2492 984 2556 spes,
1005 2510 1119 2556 quae
1139 2489 1428 2556 promiffione
1454 2493 1606 2541 diuina

206 2562 505 2625 proponitur,
553 2560 688 2607 habet
707 2560 961 2609 firmitatem
983 2567 1172 2615 tantam,
1214 2570 1418 2623 quantam
1446 2563 1605 2608 intelli·

209 2643 317 2691 gere
336 2645 463 2675 mens
484 2629 676 2676 humana
698 2626 862 2693 potest,
899 2628 952 2676 ab
970 2627 1220 2675 neceffitate
1240 2625 1452 2686 absoluta,
1494 2646 1605 2694 quae

1544 2694 1606 2743 est
