1682 3068
294 159 731 196 mennam-rmum
773 161 908 192 mm
935 157 1296 208 nunes-num
1398 144 1495 206 365

44 311 46 314 .
90 277 184 332 nis,
211 274 259 322 in
276 271 352 321 tali
369 289 420 320 re
436 269 552 318 nihil
569 265 680 326 effe,
710 263 835 332 quod
858 266 913 314 ad
932 265 1218 317 minuendam
1234 265 1413 316 alte-ius
1432 264 1495 315 di·

92 344 315 407 gnitatem
332 339 479 388 valere
496 334 647 404 pnffi't³

22 416 26 417 ⁷
189 409 367 456 Etenim
382 417 484 454 tum
501 405 684 451 demum
703 402 795 450 hoc
812 401 896 449 dici
915 401 1079 467 posset,
1119 401 1153 450 fi
1178 418 1263 468 per
1281 419 1377 451 eam
1394 418 1495 452 rem

94 476 273 524 diuinae
297 471 544 528 maiestatis,
586 487 700 535 quae
719 468 829 517 inest
847 472 893 516 in
911 473 1004 518 eius
1021 474 1247 535 potentia,
1291 471 1495 533 benigni·

92 554 208 599 tate,
232 541 441 607 snpientia
461 548 508 586 et
526 539 611 585 reli
645 555 700 584 ua
721 535 1022 602 perfeffione,
1054 536 1105 595 fi,
1136 543 1340 604 inquam,
1364 540 1497 586 maie·

92 609 211 659 statis
229 609 361 666 huius
381 606 453 655 vel
470 556 673 670 poffeiiio
703 603 1064 662 labefaaaretur‚
1102 608 1174 654 vel
1199 606 1296 653 vsus
1330 605 1497 668 dignus

92 681 199 729 Deo
218 673 666 730 cifoumscriberetun
706 673 778 720 vel
796 671 991 739 denique
1017 670 1207 730 frui-Cius,
1251 675 1299 720 in
1318 690 1411 738 quo
1432 671 1497 720 est

47 744 50 747 ’
92 743 323 795 beatitudo
341 741 510 799 diuina,
552 741 906 789 imminueretur.
981 739 1068 788 Sed
1087 741 1253 788 horum
1273 742 1383 788 nihil
1411 756 1502 787 nec

93 810 176 879 ipfi
206 812 453 872 excogitare
482 825 699 873 vnquam,
747 810 872 855 omni
899 809 945 855 vi
965 809 1135 870 ingenii
1166 808 1503 866 contendenda,

93 881 340 946 potuimus,
359 893 447 924 nec
464 875 518 924 ab
535 878 631 924 aliis
643 873 988 924 demonstratum
1007 877 1280 942 reperimus:
1316 886 1497 925 tantum

0 942 1 992 ἒ
93 945 232 995 verba
249 943 478 992 maiestatis
491 943 664 992 diuinae
682 956 727 990 et
737 945 998 992 humifitatis
1018 945 1240 992 humanae
1260 940 1499 991 iactantur:

0 1031 1 1042 ¹
91 1011 232 1079 fitque
250 1015 384 1062 etiam
406 1013 505 1068 hic,
546 1009 669 1076 quod
690 1010 754 1058 est
780 1014 828 1059 in
850 1013 1071 1076 plerisque
1089 1013 1182 1059 aliis
1204 1011 1497 1076 opinionibus

0 1067 2 1116 ἱ
91 1080 322 1136 humanm
349 1092 398 1128 vt
416 1083 463 1128 in
482 1081 585 1127 solis
608 1079 755 1128 verbis
774 1081 863 1128 vim
890 1079 1103 1134 habeant,
1140 1080 1207 1128 tei
1224 1089 1270 1127 et
1286 1081 1500 1137 veritatis,

93 1151 145 1197 in
163 1164 325 1209 magna
340 1149 482 1213 specie
498 1145 764 1205 verborum,
797 1147 1065 1195 inaniffimae
1082 1145 1179 1195 sint.

123 1247 139 1260 .
195 1215 320 1271 Quid
340 1215 461 1281 quod
480 1218 614 1262 etiarn
633 1212 784 1264 diuina
801 1226 978 1271 natura,
1015 1218 1061 1262 in
1080 1217 1152 1263 illa
1169 1216 1269 1263 Filii
1287 1218 1373 1262 Dei
1393 1231 1498 1262 con-

94 1280 325 1331 iunffione
343 1299 447 1330 cum
469 1283 686 1340 humana,
722 1281 753 1329 si
770 1284 832 1329 ita
851 1282 1002 1330 dicere
1028 1283 1091 1329 fas
1114 1281 1197 1339 est,
1236 1283 1403 1330 lucrata
1434 1280 1501 1328 est

95 1351 366 1416 plurimum3
416 1350 538 1416 quod
555 1367 604 1396 ea
620 1366 671 1397 re
690 1348 904 1414 perfeffio
924 1352 1016 1396 eius
1028 1384 1039 1405 ,
1070 1360 1136 1407 et,
1171 1361 1221 1397 vt
1240 1350 1383 1397 sacrae
1402 1350 1502 1396 lite-

99 1434 174 1466 rae
190 1417 438 1483 appellant,
482 1419 644 1480 gloria,
672 1415 941 1465 manifestior
955 1417 1236 1474 hominibus,
1277 1429 1324 1464 et
1342 1416 1503 1464 amabi·

98 1485 209 1539 lior,
248 1495 294 1532 et
312 1484 366 1531 ad
387 1483 645 1551 sapientiam
664 1502 813 1532 veram
833 1487 1135 1550 virtutemque
1154 1488 1274 1532 inter
1291 1485 1503 1532 hominen

96 1549 450 1616 amplificandam
467 1551 687 1601 efficacior
706 1551 819 1601 fasta
838 1551 910 1599 est.
984 1556 1109 1600 Nam
1134 1552 1164 1600 {i
1182 1550 1417 1601 confilium
1436 1552 1503 1599 rei

96 1629 247 1668 tantae
266 1618 533 1683 speEhmus,
560 1620 683 1685 quod
699 1631 849 1669 totum
870 1622 1087 1686 pertinet,
1120 1631 1169 1669 vt
1186 1621 1328 1668 sacrae
1348 1621 1500 1668 literae

99 1685 424 1749 demonstrant,
470 1687 524 1736 ad
542 1689 725 1736 salutem
747 1690 920 1749 generis
938 1688 1148 1745 humani;
1212 1689 1321 1754 quid
1350 1685 1500 1753 potest

99 1751 185 1815 ess'e
205 1753 383 1816 dignius
403 1759 523 1813 Deo,
565 1773 702 1820 quam
720 1757 795 1803 illa
811 1766 934 1804 tanta
953 1756 1087 1805 huius
1107 1756 1251 1803 salutis
1271 1773 1396 1814 cura,
1438 1766 1500 1812 et,

99 1819 151 1870 v't
167 1823 228 1870 ita
248 1822 463 1881 dicamus,
498 1834 645 1871 tantus
666 1826 713 1870 in
731 1841 782 1871 ea
798 1841 846 1870 re
866 1824 1064 1872 sumtus?
1133 1829 1207 1871 An
1232 1822 1380 1888 potest
1415 1822 1502 1872 effe

99 1891 340 1954 quicquam
358 1890 463 1939 Deo
483 1890 727 1951 indignum,
759 1892 882 1956 quod
901 1909 984 1957 pto
1003 1893 1139 1941 salute
1155 1901 1412 1940 naturarum
1432 1893 1501 1939 in·

100 1956 426 2016 telligentium,
470 1957 581 2003 salua
610 1957 839 2005 sanstimte
865 1970 914 2006 et
931 1958 1108 2017 iustitia,
1146 1959 1274 2007 facit:
1326 1969 1374 2006 et
1403 1975 1502 2006 non

102 2023 256 2087 potius
273 2020 514 2070 illustratur
533 2026 629 2071 eius
649 2025 836 2085 dignitas
862 2027 992 2092 supra
1019 2026 1230 2084 modum,
1268 2044 1373 2073 cum
1407 2028 1502 2073 eius

105 2087 250 2136 caussa
267 2089 373 2137 facit
391 2106 490 2138 rem
508 2091 645 2152 longe
660 2094 903 2150 maximam,
935 2112 1021 2159 qua
1042 2096 1182 2142 maior
1193 2095 1384 2155 cogitari
1404 2110 1514 2141 non.

103 2155 269 2222 potest,
302 2174 499 2222 quaeque
517 2159 608 2206 hoc
626 2160 722 2224 ipso
741 2158 932 2208 offendit
945 2160 1155 2223 angustos
1172 2163 1357 2215 animoS,
1378 2160 1505 2225 quod

106 2225 200 2272 eius
241 2224 593 2286 magnitudinem
622 2244 780 2292 capere
820 2245 915 2276 non
954 2228 1166 2295 possunt?
1231 2230 1506 2289 Intelligitut

105 2292 226 2338 enim
263 2302 393 2340 tanto
433 2297 573 2356 magis
613 2296 873 2356 magnitudo
917 2294 1201 2358 benignitatis
1247 2308 1295 2343 et
1328 2299 1507 2353 amoris,

106 2374 242 2423 quam
260 2362 469 2407 virtutem
486 2364 534 2408 in
554 2365 657 2409 Deo
672 2364 810 2424 longe
826 2366 1057 2411 maximam
1079 2363 1183 2421 effe,
1229 2365 1326 2428 quis
1345 2381 1439 2412 non
1457 2376 1507 2412 et

106 2424 203 2480 scit,
240 2436 286 2473 et
301 2425 493 2475 libenter
514 2429 668 2478 credit.
744 2434 899 2496 ltaque
916 2431 1028 2478 Iesus
1051 2431 1245 2480 Christus
1273 2430 1365 2496 ipse
1397 2449 1505 2481 cum

108 2492 316 2541 omnibus
337 2495 577 2560 Apostolis,
597 2514 786 2561 quorum
806 2499 960 2563 scripta
976 2509 1198 2558 tenemus,
1226 2504 1275 2546 m
1296 2499 1386 2546 hoc
1405 2517 1505 2565 my-

110 2556 239 2607 sterio
270 2561 372 2608 Filii
391 2565 479 2610 Dei
507 2564 546 2611 ἐν
573 2564 707 2629 caen>
736 2564 1077 2631 φανερωθέντος,
1117 2567 1284 2629 angelis
1315 2567 1505 2615 homini-

111 2623 280 2694 busque
314 2627 574 2695 patefassam
604 2630 689 2680 effe
716 2633 872 2683 dicunt
910 2635 1264 2696 magnitudinem
1299 2635 1507 2698 sapientis

1296 2701 1507 2752 bonitatis
