1682 3068
370 171 432 206 ιιι
454 155 768 206 ‘usnemun
813 168 1228 206 conam-rvrumx
1432 173 1529 220 243

118 283 253 336 nihil.
283 280 365 330 nifi
383 281 582 331 diuinam·
595 277 903 328 austeritatem
923 279 1092 336 vident,
1115 281 1255 328 literis
1275 279 1400 328 sacris
1419 297 1524 345 pro-

124 351 278 403 ditium,³
306 361 353 398 vt
369 349 660 412 disputatione
681 350 864 395 minime
883 360 1019 410 egere
1037 347 1255 395 videatur:
1289 359 1435 396 tamen
1457 351 1523 396 in·-

121 421 195 466 ani
224 418 486 469 subtilimte,
514 414 604 461 {iu‘e
629 417 784 479 potius
812 418 1093 476 argutatiene
1119 433 1301 472 eorum,
1330 418 1407 479 qui
1437 416 1521 463 sea-

115 485 446 550 biera-aliquam
464 481 868 547 demonstratiuam,
900 497 1035 546 quam
1056 484 1287 530 celerrime
1305 485 1522 547 arripiunt

120 554 405 615 ingenia5non
422 550 543 597 bene
561 547 728 597 suba&
750 550 1066 597 humaniorum
1089 551 1311 597 literarum
1341 550 1522 616 discipli·-

121 638 191 676 na,
223 637 251 666 e
276 618 431 665 scholis
450 618 826 681 Philosophorum
858 618 910 664 ad
930 618 1215 675 Theologiae
1241 618 1519 682 disciplinam

44 703 46 705 ·
119 680 364 742 attide-ant,
394 687 455 733 ita
483 683 547 731 est
575 682 816 739 obscurata,
848 696 895 731 vt
922 685 1071 731 saltem
1101 685 1220 731 illam
1250 683 1518 734 demonstra-

117 756 293 803 tionum
307 751 709 817 metaphysicarum
728 753 963 814 caliginem
985 751 1224 815 dispellere,
1255 765 1301 799 et
1321 754 1421 800 solis
1444 755 1515 802 lu·

117 829 222 870 cem
237 829 441 882 retegere
460 817 630 867 necess'e
649 818 710 877 stt.
779 823 960 867 Summa
985 831 1133 867 autem
1155 837 1309 867 earum
1328 822 1519 869 demon·

116 887 392 944 stationum,
421 906 528 953 quas
548 905 652 935 cum
685 888 770 934 suis
798 885 1050 934 austun-ibus
1080 904 1435 935 commemorare
1457 891 1522 936 ni·

114 955 385 1004 hil-attinet:
421 973 524 1006 nam
552 973 661 1012 rem,
698 971 790 1003 non
813 956 1032 1011 homines,
1067 966 1285 1010 notamus,
1318 974 1433 1019 quos
1455 967 1520 1003 et·

113 1023 201 1071 iam
227 1039 319 1069 non
340 1024 460 1071 malo
477 1023 660 1072 consilio
671 1040 859 1088 peccare
869 1022 1157 1071 confidimus:
1178 1041 1230 1069 ea
1254 1025 1389 1084 igitur
1406 1026 1521 1071 fum-

112 1107 188 1138 ma
210 1089 328 1138 redit
355 1091 452 1139 fere
477 1093 580 1150 huc,
614 1102 663 1140 vt
688 1091 851 1138 docere
882 1102 1123 1146 conentur,
1158 1109 1220 1148 ea,
1253 1109 1367 1154 quae
1395 1096 1520 1138 Deus

111 1158 375 1215 deciment,
407 1159 575 1215 fecerit,
611 1173 658 1206 vt
678 1177 700 1206 a
731 1163 928 1223 pernicie
959 1160 1154 1206 seruatus
1188 1160 1328 1206 homo
1348 1159 1401 1206 ad
1422 1160 1518 1208 seli·

115 1228 299 1273 citatem
335 1220 486 1274 ve'ram
522 1237 841 1291 aeternamque
873 1226 1088 1288 adspirare
1116 1225 1278 1291 poss'et,
1323 1225 1518 1274 habuiss‘e

113 1301 213 1340 eam
232 1293 595 1342 combustionem
616 1312 721 1341 cum
741 1300 834 1341 eius
854 1294 1050 1342 bonitate
1071 1305 1119 1340 et
1138 1295 1357 1358 sapientia,
1379 1306 1426 1342 vt
1443 1295 1515 1342 ali-

114 1371 187 1407 ter
212 1360 359 1408 facere
385 1364 472 1416 vix,
502 1365 643 1408 immo
676 1363 800 1408 nullo
833 1362 1202 1424 modopotuerit.
1270 1365 1321 1408 In
1343 1362 1518 1425 quo'illi

113 1427 257 1492 specie
281 1428 427 1492 aliqua
451 1431 556 1476 artis
583 1445 638 1475 ac
665 1427 908 1476 subtilitatis
927 1427 1193 1485 conturbati,
1224 1439 1365 1476 totam
1385 1433 1518 1476 ratio-

111 1511 217 1541 nem
237 1493 467 1543 differendi
485 1496 539 1542 de
558 1495 716 1544 talibus
736 1495 867 1543 rebus
885 1496 1216 1559 perturbarunt.
1286 1501 1407 1543 Nam
1426 1497 1515 1562 pri-

109 1579 203 1618 mo,
232 1579 324 1610 non
345 1563 560 1620 viderunt,
589 1574 702 1618 toto,
733 1575 780 1611 vt
799 1565 933 1618 aiunt,
961 1565 1091 1610 coelo
1113 1563 1278 1611 diuersa
1299 1562 1384 1612 effe
1403 1565 1515 1612 haec

111 1629 226 1677 duo:
257 1632 468 1695 primum,
501 1632 592 1678 hoc
610 1634 731 1678 Deus
750 1631 867 1685 fecit,
904 1630 1114 1685 decreuit,
1144 1631 1305 1678 voluit:
1338 1631 1512 1680 bonum

108 1697 260 1759 igitur,
296 1698 539 1763 etsapiens,
571 1708 619 1745 et
635 1697 781 1745 diuina
798 1696 1015 1761 maiestate
1045 1697 1246 1755 dignum,
1275 1711 1323 1746 et
1342 1698 1512 1763 praedi-

110 1765 301 1812 candum
322 1764 405 1813 est:
423 1767 622 1823 alterum,
643 1768 731 1814 hoc
750 1768 859 1813 mihi
878 1766 1052 1814 videtur
1062 1764 1253 1813 ellenon
1272 1768 1467 1815 alienum
1487 1785 1512 1814 a

108 1831 313 1880 bonitate
328 1846 376 1880 et
395 1833 602 1899 sapientia
622 1834 785 1890 diuina,
810 1834 899 1881 hoc
917 1833 947 1880 fi
963 1839 1085 1881 Deus
1107 1834 1280 1891 feeerit,
1300 1834 1511 1883 decreue-

106 1901 179 1954 rit,-
206 1900 325 1947 bene
341 1911 389 1948 et
406 1902 628 1966 sapienter
647 1904 718 1950 vel
736 1903 904 1957 fecerit,
939 1903 1008 1949 vel
1028 1903 1150 1956 mihi,
1171 1902 1405 1949 hominiue
1426 1903 1508 1960 alii,

107 1966 257 2015 facere
275 1969 486 2025 videatur,
519 1985 603 2015 nec
620 1969 749 2026 aliud,
782 1969 905 2032 quod
935 1972 1075 2030 magis
1096 1969 1281 2023 bonum,
1315 1969 1510 2025 salutare,

108 2033 279 2097 sapiens
309 2033 379 2092 fit,
411 2035 511 2090 scio,
551 2045 630 2083 aut
657 2036 872 2097 intelligo,
904 2050 980 2084 aut
1008 2038 1241 2101 quisquam
1276 2039 1508 2098 intelligit:

106 2100 218 2148 fecit
244 2102 390 2160 igitur,
419 2103 629 2157 facietue3
659 2105 767 2150 nihil
789 2107 925 2164 igitur
953 2103 1068 2150 aliud
1087 2104 1230 2150 facere
1248 2108 1409 2169 potuit,
1446 2104 1508 2151 fe·

107 2170 173 2214 cit
205 2167 408 2226 facietne,
443 2180 493 2215 vt
524 2171 600 2233 qui
629 2172 851 2234 optimum
882 2171 1080 2235 sequitur
1103 2189 1184 2235 per
1202 2184 1386 2218 naturae
1407 2172 1509 2218 suae

106 2233 434 2301 perfestionem
460 2234 708 2285 necessario.
783 2241 927 2285 Prima
956 2239 1029 2285 illa
1055 2244 1168 2286 ratio
1192 2237 1261 2284 'est
1284 2238 1508 2296 veriffima,

107 2313 156 2350 et
175 2300 426 2350 constanter
443 2304 633 2351 tenenda
644 2326 657 2359 ;
687 2307 733 2351 in
754 2322 838 2369 qua
855 2303 886 2351 fi
906 2307 1000 2368 quis
1020 2305 1200 2366 indaget
1219 2307 1365 2360 etiam,
1395 2307 1507 2353 aliis-

106 2386 195 2435 que
215 2369 488 2418 demonstret
524 2382 787 2432 argumenta
816 2372 1027 2428 bonitatis,
1063 2383 1110 2418 et
1142 2374 1373 2437 sapientiae
1393 2373 1505 2421 diui-

104 2453 200 2491 nae,
234 2438 288 2485 ad
311 2455 413 2484 eum
435 2439 636 2495 modum,
663 2456 754 2503 quo
773 2438 943 2502 Phyfici
963 2439 1140 2502 quidam
1162 2443 1206 2485 in
1225 2440 1355 2488 rebus
1375 2452 1505 2488 natu-

106 2505 278 2559 ralibus,
311 2506 402 2552 hoc
429 2503 578 2552 nostro
607 2509 794 2553 maxime
822 2507 986 2561 seculo,
1022 2505 1360 2568 inuestigarunt,
1405 2525 1503 2557 rem

105 2570 280 2628 fecerit,
313 2590 424 2637 quae
453 2573 654 2619 laudetur
682 2575 862 2630 merito,
894 2585 941 2619 et
970 2577 1171 2620 omnium
1200 2573 1347 2622 studiis
1377 2592 1501 2623 com-

106 2638 355 2687 mendetur.
422 2643 599 2688 Etenim
619 2645 742 2689 Deus
768 2641 909 2687 voluit
935 2643 983 2688 in
1008 2644 1185 2689 ratione
1209 2643 1408 2691 seruandi
1429 2660 1504 2702 ge·

758 2709 803 2762 Q
840 2724 866 2759 2
1383 2712 1504 2756 neris
