1682 3068
194 201 295 255 470
327 208 614 240 mmmm-rm
654 208 875 240 cnm-ren
905 211 968 240 nr.
1008 210 1531 246 rnrznpnernon:

202 315 486 363 consentiens
514 314 825 363 communibus
858 315 1093 366 sententiis.
1164 315 1304 374 Quod
1332 319 1456 368 secus
1475 318 1538 368 est
1559 322 1616 378 in,

199 383 429 439 Pellicano,
456 384 648 448 Mufiulo
672 394 718 430 et
737 383 925 432 Caluino.

278 491 282 496 ,
305 452 364 497 Et
383 451 616 498 Pellicanus
636 450 836 514 quidem,
876 452 1182 499 eruditiffimus
1214 452 1429 502 librorum
1470 454 1609 502 sacro-

203 532 306 563 rum
334 520 567 582 interpres,
598 529 646 565 vt
672 519 869 566 vniuerse
893 518 947 566 de
972 523 1063 566 eius
1094 522 1462 582 interpretatione
1492 522 1609 569 dica-

205 600 320 641 muS,
352 588 398 632 in
431 586 624 642 Psalmis,
656 586 831 642 fatetur,
868 587 909 632 se
941 588 1142 634 secutum
1172 586 1255 634 esse
1286 591 1471 636 maxime
1498 593 1610 637 Feli-

208 671 333 708 ωιτη,
384 654 567 719 eiusque
601 657 817 701 rationem
855 655 1121 702 Psalmorum
1159 656 1607 722 interpretandorum.

204 720 245 777 E
276 720 510 784 Prophetis
538 724 695 769 ceteris
723 734 773 770 vt
801 721 966 785 aliquid
997 724 1247 786 speciminis
1286 741 1609 789 proponamus,

207 787 290 852 Es
313 787 421 835 VII.
443 789 595 836 locum
628 789 703 836 ille
732 788 910 853 quidem
938 790 993 836 de
1016 792 1187 851 virgine
1207 791 1384 852 grauida
1405 788 1608 839 historice

208 856 539 920 interpretatur,
573 856 646 903 sed
668 857 788 903 innui
808 874 831 903 a
852 859 1017 920 Spiritu
1036 860 1075 903 S.
1103 857 1281 923 aliquid,
1317 858 1439 923 quod
1458 859 1608 906 Achas

209 932 309 970 tum
330 923 532 970 nondum
554 924 846 972 intellexerit:
865 935 908 969 at
927 942 963 970 c.
987 928 1060 970 IX.
1083 923 1157 971 etsi
1174 929 1322 990 priora
1342 925 1396 971 de
1415 926 1611 973 Ezechia

209 989 402 1051 intelligi
419 990 593 1055 poffint,
628 1007 730 1039 cum
761 989 965 1054 respeEiu
991 989 1176 1054 mystico
1195 993 1248 1040 ad
1266 993 1383 1040 aliud
1401 996 1446 1040 in
1466 998 1527 1040 N.
1550 996 1610 1040 T.
1656 1017 1659 1019 ·

210 1067 362 1105 tamen
381 1075 418 1104 v.
441 1061 483 1106 6.
504 1057 559 1104 de
580 1075 723 1121 puero
747 1057 979 1113 nascendo,
1000 1059 1123 1105 nullo
1146 1059 1282 1106 modo
1302 1067 1409 1125 (με
1417 1064 1482 1123 3.)
1502 1061 1609 1120 Cap.

210 1127 302 1177 XI.
323 1125 454 1190 plane
474 1125 529 1171 de
541 1124 714 1173 Christo
733 1126 1053 1188 interpretatur
1074 1142 1176 1184 vno,
1200 1128 1309 1174 item
1332 1128 1394 1174 vti
1415 1143 1451 1174 c.
1473 1130 1611 1175 LIII.

209 1196 284 1240 De
298 1193 534 1240 Zachariae
555 1195 649 1240 viro
661 1193 854 1241 Zemach
865 1192 993 1239 sentit
1013 1209 1118 1239 cum
1131 1195 1451 1251 Melanchthone,
1471 1194 1525 1242 ad
1544 1198 1611 1242 lo-

211 1260 333 1309 suam
363 1259 630 1307 Pontificem
657 1261 903 1315 referente,
921 1256 1050 1307 ‘cum
1078 1259 1394 1322 significatione
1431 1261 1611 1310 Meffiae

213 1338 263 1376 et
280 1326 630 1375 Ecclesiaeeius:
668 1340 716 1376 vt
743 1342 959 1392 appareat,
989 1345 1093 1374 eum
1122 1331 1308 1376 mixtum
1330 1339 1375 1376 et
1392 1339 1614 1394 tempera·

209 1406 310 1444 tum
339 1413 365 1441 e
395 1395 570 1443 duobus
600 1398 899 1460 interpretum
927 1395 1165 1456 generibus
1194 1398 1451 1444 contrariis:
1504 1397 1613 1444 alte-

209 1481 278 1519 ro,
312 1463 436 1527 quod
455 1461 677 1512 historiam
698 1464 828 1511 nimis
859 1473 1054 1521 amouet,
1087 1474 1134 1510 et
1151 1465 1305 1521 altero,
1339 1462 1459 1529 quod
1477 1465 1612 1512 nimis

213 1530 514 1596 amplestitur.

306 1599 457 1646 Paullo
470 1600 569 1664 plus
587 1598 641 1646 ad
650 1597 906 1647 historicum
919 1615 1058 1661 genus
1071 1599 1252 1646 inclinat
1259 1599 1484 1662 Mufiulus,
1501 1600 1613 1646 item

213 1666 424 1715 hebraice
455 1678 502 1713 et
530 1685 687 1729 graece
715 1665 892 1722 dostus,
925 1663 1090 1731 copiosi
1119 1676 1166 1712 et
1196 1665 1316 1712 desti
1343 1666 1389 1712 in
1418 1666 1610 1713 Psalmos

214 1737 544 1791 commentarii,
564 1736 763 1797 itemque
784 1735 829 1779 in
843 1733 1018 1780 Esaiam
1052 1730 1207 1794 auster
1225 1732 1280 1779 de
1299 1730 1446 1779 medio
1465 1733 1612 1779 seculo

212 1802 334 1849 sexto
355 1800 545 1848 decimo.
606 1803 728 1847 Nam
749 1802 825 1865 Ps
843 1802 905 1846 II.
926 1798 1003 1846 sub
1023 1801 1152 1860 regni
1172 1799 1376 1847 Dauidici
1394 1798 1535 1861 figura
1558 1799 1613 1846 de

212 1885 357 1931 regno
378 1867 536 1916 Christi
555 1868 782 1916 vaticinari
802 1878 941 1931 putat.
1009 1867 1082 1928 Ifffi
1102 1864 1237 1915 VIII.
1258 1866 1364 1914 dicit
1389 1868 1442 1913 ad
1469 1867 1614 1914 horni-

213 1953 322 1985 nem
341 1938 578 2001 pertinere,
611 1952 745 1999 quem
766 1938 888 1981 Deus
915 1935 1130 1990 extulerit,
1160 1936 1353 1997 primum
1370 1936 1415 1980 in
1440 1934 1612 1983 Adamo

213 2006 386 2070 typice,
405 2002 564 2050 deinde
583 2005 628 2049 in
643 1999 814 2050 Christo
834 1999 1041 2065 perfeste.
1076 2002 1294 2065 PsXVJ.
1316 2011 1464 2049 autem
1484 2019 1525 2049 v.
1539 2018 1615 2050 10.

211 2072 274 2121 fic
293 2070 347 2118 ad
367 2068 588 2120 Christum
610 2073 839 2135 pertinere
861 2068 975 2126 dicit,
999 2078 1045 2115 vt
1063 2067 1116 2118 ad
1137 2067 1357 2116 Dauidem
1377 2069 1506 2116 nullo-
1520 2085 1612 2116 mo·
1666 2078 1669 2080 ’

213 2141 274 2188 do
295 2140 412 2188 trahi
436 2137 588 2199 poffit3
611 2149 655 2184 at
674 2138 842 2201 reliqua
862 2135 946 2183 effe
972 2135 1129 2183 Dauidi
1148 2148 1194 2184 et
1211 2134 1386 2183 Christo
1410 2151 1612 2185 commu-

210 2211 296 2255 nia.
331 2210 384 2253 In
403 2206 480 2269 Psi
512 2206 661 2254 XXII.
684 2222 835 2268 porro,
867 2203 943 2250 sub
962 2203 1142 2251 Dauidis
1171 2203 1370 2268 persona,
1389 2200 1613 2250 Christum

213 2273 394 2323 describi
423 2271 547 2324 κατοί
567 2271 825 2322 ταπείνωσιν
845 2284 892 2317 et
913 2291 952 2318 κ.
972 2267 1155 2334 ὕψωσεν.
1192 2272 1456 2334 Eodemque
1473 2269 1613 2317 modo

215 2343 296 2406 Ps
313 2339 465 2390 XLV.
491 2339 733 2386 secundum
759 2353 919 2403 typum
952 2337 1005 2384 ad
1038 2339 1338 2394 Salomonem,
1369 2337 1613 2384 secundum
1680 2366 1682 2397 3

213 2412 447 2458 <veritatem
466 2407 519 2454 acl
531 2407 748 2462 Christum
763 2405 1065 2453 reuocandum
1085 2402 1179 2454 effe.
1202 2408 1324 2452 Tum
1335 2407 1380 2451 in
1393 2405 1611 2469 PsXLI.

213 2487 389 2524 tantum
409 2476 630 2522 decimum
651 2475 823 2521 versum
843 2475 1047 2538 typicum
1066 2472 1182 2519 facit.
1253 2473 1354 2521 Non
1372 2476 1517 2528 omnia,
1545 2472 1613 2517 in-
1681 2522 1682 2529 ἵ

213 2546 312 2609 quit
320 2563 367 2606 p.
381 2546 488 2604 362.
509 2561 605 2589 mox
624 2546 709 2590 eius
720 2543 880 2604 Pfizlmi
896 2545 953 2587 ad
963 2540 1168 2603 Cbrssum
1182 2545 1408 2601 pertinent,
1421 2539 1613 2602 sedunus·

214 2619 257 2660 et
288 2613 399 2657 alter
429 2613 675 2676 veossculun
708 2609 838 2672 plane
869 2607 922 2654 ad
953 2618 1152 2654 veterem
1173 2609 1402 2661 rationem,
1435 2622 1460 2650 a
1480 2604 1610 2652 nobis
1680 2633 1682 2649 2

209 2686 505 2727 memoratam
527 2678 653 2742 supra
672 2687 755 2724 cet.
786 2680 857 2724 De
880 2677 1057 2726 Caluino
1076 2684 1226 2723 autem
1242 2689 1347 2729 non,
1367 2683 1415 2721 vt
1434 2675 1612 2749 opinor,
1680 2664 1682 2691 ³

1452 2750 1611 2790 attmet
1680 2763 1682 2791 ε
