1682 3068
205 173 301 225 284
507 178 790 213 vmnxcuxt
828 160 1085 213 'Annxrnn
1117 183 1306 214 mvxm

201 287 518 352 septentrione
537 291 766 352 Europae,
807 305 831 335 a
848 286 1008 352 quibus
1037 305 1158 350 nunc
1177 289 1322 336 omnis
1351 303 1498 355 prope
1518 291 1603 336 Eu·

201 373 312 420 ropa
342 366 533 403 tenetur.
631 358 695 404 Hi
723 353 886 402 adsueti
917 355 1208 417 religionibus
1236 357 1307 403 vel
1334 355 1498 404 nullius
1534 355 1603 404 vel

201 440 438 488 paucarum
462 424 835 486 cerimoniarum&
861 423 1079 471 faciliores
1100 424 1242 471 futuri
1262 434 1388 471 erant
1403 422 1457 472 ad
1478 426 1605 470 Sacra

203 489 443 538 Christiana
465 490 748 555 suscipienda,
790 489 820 537 si
840 491 1033 555 ipsorum
1058 492 1256 539 moribus
1276 502 1322 539 et
1340 490 1605 556 simplicitati

201 556 345 604 essent
364 560 446 605 hac
463 576 516 605 ex
538 570 660 624 parte
679 555 905 605 simillima.
943 561 1001 606 Et
1020 559 1261 606 memoriae
1281 559 1508 624 proditum
1526 555 1601 614 est,

200 626 415 689 quosdam
435 631 565 675 etiam
585 638 678 673 tam
707 629 851 691 paucis
875 630 1170 674 Sacramentis
1197 625 1414 683 offensos,
1459 637 1506 674 et
1525 625 1602 673 dif-

200 693 408 742 ficiliores
428 694 481 741 ad
501 692 818 741 assentiendum
850 691 989 741 faaos
1009 692 1147 742 fuisse.
1248 694 1370 751 Quid
1399 694 1602 743 futurum

201 773 315 819 erat,
346 761 375 808 fi
395 763 550 823 religio
572 760 750 818 Christi,
786 763 878 825 pari
899 778 1002 811 cum
1021 773 1171 810 vetere
1190 762 1364 810 Iudaica
1384 762 1603 810 comitatu

197 831 367 878 rituum
387 827 556 895 stipata,
587 832 638 877 iis
660 829 701 875 se
724 827 981 876 obtulisset?
1041 830 1126 877 Sed
1146 830 1273 887 haec,
1309 846 1414 878 cum
1433 831 1478 876 in
1496 845 1603 876 con·

198 894 363 944 iefflura
381 895 477 954 siut,
498 913 630 961 quam
651 898 695 943 in
718 907 885 961 partem
906 897 1193 960 accipiantur,
1214 913 1308 945 non
1327 913 1603 961 magnopere

197 964 458 1013 laboramus,
522 964 637 1012 Illud
656 965 837 1030 quidem
860 961 949 1011 fine
966 963 1244 1013 dubitatione
1285 982 1461 1030 proque
1482 975 1603 1012 certa

197 1049 264 1086 re,
293 1033 397 1079 licet
415 1028 656 1090 affirmare,
685 1035 731 1079 in
753 1049 918 1093 magno
942 1031 1162 1081 beneficio
1183 1033 1394 1080 bonitatis
1428 1031 1601 1079 diuinae

194 1100 459 1166 ponendum
478 1098 585 1155 effe,
630 1099 753 1164 quod
775 1116 859 1146 nec
876 1099 1013 1164 prisca
1031 1102 1098 1147 illa
1118 1114 1208 1148 tam
1230 1098 1414 1147 molesta
1433 1102 1602 1146 rituum

195 1166 437 1216 multitudo
458 1166 628 1224 mansit,
662 1184 748 1214 nec
775 1170 821 1214 in
841 1183 996 1215 eoi-um
1014 1169 1169 1216 locum
1187 1169 1267 1222 alii,
1298 1170 1393 1232 pari
1415 1178 1491 1214 aut
1511 1184 1601 1213 ma-

195 1237 281 1283 iori
303 1253 493 1283 numero
523 1233 779 1292 successere,
823 1246 987 1294 agente
1015 1239 1148 1282 etiam
1175 1237 1266 1282 hoc
1300 1235 1509 1300 sapientia
1538 1233 1600 1280 di-

194 1308 322 1359 vina,
356 1315 403 1350 vt
422 1304 627 1351 homines
649 1305 786 1363 magis
805 1319 829 1348 a
850 1301 1116 1349 sensibilibus
1135 1300 1327 1359 abduffl,
1369 1304 1418 1348 in
1449 1318 1600 1349 rerum

1676 0 1682 176 ¹

1679 372 1682 460 ¹

196 1370 544 1431 intelligibilium
563 1382 608 1417 et
627 1371 879 1417 diuinarum
899 1372 1170 1431 cogitatione
1197 1381 1319 1419 totos
1350 1369 1394 1416 se
1414 1370 1620 1426 colloca·¹
1671 1381 1673 1383 ’

194 1449 309 1487 rent.
346 1440 443 1487 Gal.
462 1438 548 1496 IV,
573 1455 608 1484 1·
640 1439 742 1488 Ae.
762 1438 869 1495 XV,
894 1453 964 1484 10·
1007 1442 1067 1485 Io.
1091 1439 1168 1495 IV,
1191 1454 1266 1495 23.
1290 1454 1366 1495 24.
1460 1439 1600 1484 Hunc

195 1507 351 1555 locum
370 1509 512 1554 miror
530 1524 554 1553 a
576 1506 749 1567 Capella
768 1507 887 1552 inter
906 1511 1237 1571 praerogatiuas
1256 1506 1365 1553 Eccl.
1385 1506 1445 1553 N-
1466 1506 1513 1554 Ίῖ
1522 1506 1600 1569 st¹·

187 1592 278 1637 pra
298 1584 482 1623 veterem
498 1578 728 1627 Iudaicam,
749 1571 835 1621 effe
854 1571 1215 1638 praetermissum.
1268 1577 1390 1619 Nam
1417 1573 1600 1638 Wtstus

199 1643 352 1690 Oecon.
370 1647 398 1690 Ι
407 1644 457 1699 V,
484 1659 502 1688 1
515 1659 553 1699 5.
593 1641 713 1704 quod
734 1651 869 1706 caput
887 1637 948 1685 est
965 1646 1013 1689 de
1031 1645 1146 1688 bonis
1166 1643 1225 1689 N.
1252 1642 1298 1687 ἸΪ
1326 1640 1507 1694 leuiter,
1550 1652 1599 1688 vt

195 1710 288 1767 alii,
329 1708 382 1756 ab
403 1726 454 1756 ea
479 1719 608 1773 parte
627 1710 775 1768 attigit
789 1744 799 1762 ‚
843 1722 954 1771 quae
971 1706 1024 1754 ad
1044 1706 1317 1755 Iudaicarum
1336 1708 1599 1754 cerimonia-

195 1795 295 1824 rum
315 1777 655 1836 abrogationem
676 1776 886 1840 pertinet.
954 1774 1040 1823 Sed
1070 1773 1124 1820 ad
1151 1785 1351 1823 veterem
1377 1774 1496 1822 illam
1523 1778 1597 1821 Iu-

194 1845 367 1893 daicam
392 1846 632 1892 veniamus,

294 1930 369 1973 95.
439 1916 494 1959 ln
535 1928 622 1975 qua
649 1913 836 1958 maxime
865 1906 1158 1957 offenduntur
1187 1908 1421 1956 aduersarii
1449 1906 1600 1962 nostri,

194 1991 383 2047 propter
402 1980 474 2028 illa
493 1977 738 2036 arbitraria,
779 1995 891 2043 quae
911 1979 958 2024 in
978 1995 1028 2024 ea
1045 1977 1194 2025 insunt
1216 1977 1418 2041 plurima.
1511 1975 1599 2023 Sed

197 2066 356 2096 eorum
377 2065 471 2095 non
493 2046 631 2094 modo
653 2064 702 2093 ea
722 2044 784 2093 est
801 2049 1049 2102 innocentia,
1086 2055 1135 2091 vt
1157 2043 1247 2092 sine
1265 2043 1372 2097 iusta
1392 2040 1529 2091 caussa
1545 2045 1597 2092 iis

196 2115 490 2164 offendantur
509 2115 713 2162 homines
727 2150 738 2170 ,
769 2112 843 2161 sed
862 2116 993 2161 etiam
1001 2115 1255 2178 fizlubritas,
1287 2122 1335 2160 vt
1352 2109 1598 2158 honorifica

195 2182 281 2232 fint
303 2195 350 2231 et
368 2184 598 2244 religioni,
634 2193 679 2229 et
694 2178 862 2229 austeri
881 2186 995 2230 Deo.
1062 2183 1304 2228 Innocentia
1322 2177 1499 2244 quidem
1532 2189 1597 2225 ta·

194 2253 310 2302 lium
331 2251 631 2298 institutorum
658 2251 858 2296 cernitur
886 2252 932 2296 in
952 2251 1065 2303 hoc,
1106 2247 1136 2295 fi
1159 2251 1203 2295 in
1231 2248 1306 2304 iis,
1349 2262 1599 2310 eorumque

192 2318 546 2384 vsurpandorum
568 2315 727 2374 modo,
767 2317 880 2365 nihil
900 2315 983 2375 est,
1025 2317 1149 2381 quod
1179 2325 1351 2379 pugnet
1371 2329 1475 2359 cum
1505 2315 1598 2376 pie-

195 2398 287 2435 tate
309 2390 353 2435 in
376 2391 545 2442 Deum,
588 2395 635 2432 et
654 2384 705 2432 ad
727 2401 825 2432 eam
844 2385 914 2432 vel
931 2383 1270 2448 peruertendam
1291 2378 1404 2428 salsis
1426 2381 1598 2443 opinio·

178 2456 342 2513 nibus,
374 2455 446 2501 vel
464 2450 794 2519 impediendam
814 2465 861 2500 et
880 2451 1189 2500 debilitandam
1209 2453 1255 2497 in
1271 2449 1424 2496 animis
1443 2447 1596 2492 huma-

195 2525 267 2572 nis
289 2520 528 2569 necessario
546 2522 708 2577 valeat3
779 2521 809 2567 si
828 2537 967 2586 porro
988 2521 1120 2574 nihil,
1166 2515 1288 2582 quod
1304 2514 1477 2563 virtutis
1498 2513 1597 2559 reli·

196 2607 310 2654 quae
344 2592 572 2637 veritatem
611 2589 839 2647 obscuret,
895 2590 1076 2651 eiusque
1114 2582 1412 2632 neceffitatem
1456 2581 1596 2628 tollat.

111 2680 117 2691 ¹
194 2658 494 2708 Salubritatem
522 2673 663 2724 porro
691 2658 875 2714 habent,
914 2654 946 2704 fi
970 2657 1017 2702 in
1043 2656 1095 2701 iis
1124 2651 1188 2700 est
1214 2649 1597 2780 disciplina-aggae
