1650 3060
1604 0 1650 182 l

159 351 162 355 ἱ
210 298 523 360 Etenimquis
555 313 646 343 non
679 297 819 354 videt,
862 297 944 344 hac
969 316 1018 345 re
1043 299 1536 361 veritatem·religionis
1568 310 1615 349 et

211 361 441 416 dostrinae
486 362 752 412 Christianae
792 367 975 413 maxime
1019 365 1204 421 firmari,
1251 376 1384 431 atque
1423 385 1524 415 cum
1562 386 1614 416 ea

208 434 332 493 spem
366 430 556 478 nostram
589 433 736 479 salutis
766 450 966 487 omnem,
1012 451 1122 497 quae
1153 434 1388 483 tolleretur
1419 438 1611 498 penitus,

210 498 243 546 fi
270 501 382 548 Iesus
417 503 462 547 in
494 501 566 547 illa
599 501 849 547 humilitate
878 513 1080 549 mortuus
1118 501 1350 556 manfiffet,
1388 520 1471 549 nec
1497 500 1612 550 digia

213 176 312 237 604
595 191 664 222 Au
715 190 934 222 pmcn-r.
978 192 1039 232 11,
1084 177 1240 227 6-11.

212 566 285 614 die
306 565 513 615 invitam
543 569 582 614 se
611 566 872 624 restituisset3
910 580 958 616 vt
986 569 1259 633 praedixerat
1286 569 1370 616 effe
1395 570 1610 619 futurum.

208 639 362 684 Omne
390 636 613 696 refugium
645 634 842 683 nostrum
873 637 916 682 in
944 637 1068 685 malis
1099 649 1145 684 et
1174 639 1380 702 periculis
1406 636 1468 685 est
1488 636 1607 702 apud
1649 667 1650 678 κ

207 704 355 751 Iesum
390 705 627 751 exaltatum
663 715 709 750 et
739 702 794 750 ad
827 702 1021 751 dextram
1054 707 1187 768 patris
1218 704 1455 753 sedentem.
1525 706 1606 751 Ille

206 771 326 820 solus
359 770 503 836 potest
522 788 655 836 opem
677 771 793 819 ferre
821 773 861 818 vi
891 772 962 818 sua
983 782 1030 819 et
1059 771 1338 837 deprecando
1367 790 1450 837 pro
1471 771 1606 820 nobis

199 837 325 902 ‘apud
359 851 544 903 patrem.
610 839 663 886 Id
694 849 844 886 autem
874 842 1037 903 periret
1065 850 1226 897 totum,
1271 840 1348 887 nifi
1375 840 1521 887 redux
1557 842 1604 886 in

204 910 339 954 vitam
381 919 427 954 et
463 907 670 953 exaltatus
711 907 884 953 viueret
923 919 1095 969 paratus
1128 909 1183 955 ad
1226 925 1292 954 res
1328 906 1493 955 nostras
1528 925 1603 955 cu·

202 974 381 1032 randas,
426 986 471 1020 et
499 992 580 1020 nos
611 973 838 1021 tuendos:
884 991 1005 1020 nunc
1040 991 1148 1021 vero
1189 977 1302 1022 salua
1340 976 1438 1022 sunt
1474 974 1602 1022 nobis

202 1045 374 1098 omnia,
407 1053 454 1088 et
475 1044 516 1088 in
540 1043 664 1088 omni
693 1056 858 1101 genere
886 1041 1182 1089 necessitatum
1208 1042 1448 1097 nostrarum
1475 1053 1602 1106 patet

196 1110 330 1158 nobis
360 1110 614 1176 perfugium
642 1107 759 1171 apud
790 1109 1025 1155 exaltatum
1049 1108 1521 1162 Dominumnostrum
1549 1126 1600 1158 ac

196 1179 471 1227 seruatorem
492 1177 634 1223 Iesum
657 1174 902 1232 Christum,
927 1176 1000 1226 vbi
1019 1189 1137 1227 certa
1157 1194 1262 1226 cum
1290 1178 1365 1242 spe
1390 1177 1599 1227 auxilium

197 1238 414 1312 quaerere
441 1242 685 1312 possumus·

296 1383 430 1429 Enim
460 1398 588 1437 vero,
631 1397 736 1428 cum
765 1378 1007 1445 Apostolus
1046 1390 1195 1428 totum
1226 1381 1317 1428 hoc
1354 1377 1410 1438 de
1438 1375 1598 1428 Christi

194 1451 446 1498 humilitate
495 1450 687 1513 exempli
729 1446 867 1496 caulsa
915 1450 1133 1506 attulerit,
1186 1459 1234 1495 vt
1277 1466 1334 1495 eo
1377 1447 1599 1495 commoti

194 1516 430 1566 Christiani
461 1517 760 1581 Philippenses
802 1518 1082 1564 imitarentur
1125 1514 1284 1565 Christi
1328 1512 1598 1571 modestiam,

192 1603 351 1634 nonne
385 1586 429 1632 id
467 1583 590 1633 fauet
627 1601 787 1632 eorum
834 1587 1059 1649 opinioni,
1099 1586 1176 1648 qui
1211 1586 1258 1630 in
1296 1583 1393 1630 Iesu
1434 1579 1598 1629 Christi

191 1653 484 1719 passionibus,
532 1669 626 1699 non
668 1649 1005 1700 satisfafflonem
1041 1669 1125 1716 pro
1161 1654 1354 1716 peccatis
1392 1651 1596 1696 humanis

191 1722 449 1781 agnoscunt,
483 1721 554 1768 sed
573 1730 749 1767 tantum
778 1722 1029 1783 exemplum
1060 1720 1298 1782 patientiae
1317 1729 1363 1765 et
1389 1716 1597 1764 obedien·

190 1793 280 1837 tiae
310 1800 470 1854 putant
500 1786 586 1834 ess'e
615 1785 891 1852 propositum
923 1787 1074 1844 generi
1105 1786 1326 1843 humano,
1359 1786 1481 1848 quod
1512 1782 1592 1831 fibi

188 1855 456 1904 imitandum
489 1856 727 1909 ducerent,
775 1856 852 1918 qui
890 1853 1073 1901 salutem
1111 1853 1322 1917 consequi
1355 1868 1436 1916 per
1464 1852 1592 1899 Chri-

187 1924 302 1972 stum
325 1924 520 1972 vellent?
550 1927 708 1983 Longe
726 1919 854 1968 abest.
923 1926 1043 1968 Nam
1063 1932 1300 1984 vtrumque
1330 1917 1476 1982 potest
1504 1917 1588 1969 effe

151 1987 153 1989 ¹
187 1989 499 2047 coniunfihm,
534 2008 619 2037 nec
649 1990 840 2044 alterum
868 1989 1012 2035 altero
1040 1989 1223 2036 tollitur.
1289 1991 1345 2035 Et
1373 1987 1603 2052 pastiones,

185 2059 371 2124 quidem
398 2059 492 2106 Iesu
523 2056 679 2106 Christi
708 2057 761 2104 ad
791 2056 1136 2103 satisfaciendum
1159 2060 1259 2103 Deo
1286 2073 1372 2119 pro
1395 2055 1589 2119 peccatis
1648 2115 1650 2118 Α

183 2127 391 2175 humanis
421 2125 644 2191 speaafl‘e,
682 2127 739 2171 ita
770 2126 950 2188 planum
982 2123 1075 2170 fieri
1105 2121 1250 2188 potest
1275 2123 1427 2170 multis
1457 2122 1589 2169 libro-

183 2213 286 2243 rum
323 2195 579 2243 diuinorum
613 2190 898 2247 testimoniis,
941 2203 989 2240 vt
1018 2191 1062 2239 id
1098 2194 1250 2252 negati
1280 2192 1410 2238 'nullo
1448 2191 1586 2237 modo

183 2262 331 2328 poffit.
422 2260 673 2318 Quomodo
715 2264 833 2307 enini
871 2277 910 2306 v.
942 2278 976 2305 c.
1013 2270 1191 2324 peccata
1227 2260 1421 2306 humana
1457 2260 1587 2306 susce-

179 2329 288 2396 piss'e
317 2348 388 2377 aen
401 2328 546 2377 tuliffe
579 2329 663 2375 dici
693 2327 856 2392 posset,
891 2326 968 2374 nisi
998 2344 1167 2391 poenas
1198 2344 1352 2374 eorum
1371 2324 1583 2383 ⁴subiisset,

179 2397 344 2463 quibus
384 2396 558 2445 luendis
604 2394 753 2442 satisfit
796 2395 967 2454 legibus
1004 2411 1246 2458 earumque
1291 2392 1489 2441 austori:
1538 2396 1585 2438 i'

179 2475 330 2512 autem
360 2465 593 2528 quomodo
621 2462 674 2509 ab
702 2480 757 2509 eo
789 2461 953 2510 fastum
986 2461 1205 2518 dicemus,
1240 2461 1317 2508 nili
1345 2463 1426 2507 illis
1453 2461 1579 2508 malis
1639 2459 1650 2509 l

177 2531 457 2587 sustinendis,
505 2548 617 2597 quae
662 2548 766 2577 eum
815 2533 859 2576 in
904 2528 978 2576 ista
1017 2530 1266 2577 humilitate
1310 2529 1577 2576 inuaserunt.
1645 2547 1650 2593 1

178 2598 265 2647 Sed
302 2617 405 2649 cum
434 2600 529 2649 illas
563 2615 732 2666 poenas
764 2600 980 2646 innocens
1019 2598 1200 2655 tulerit*
1233 2597 1348 2646 nihil
1378 2595 1453 2644 ille
1478 2595 1578 2673 ‘tale
1643 2616 1650 2647 ι

1379 2674 1597 2723 meritus‚¹
1639 2682 1641 2693 =
