1664 3074
693 350 934 421 ANT·I

302 484 1326 554 MVRATORIVS

54 813 56 815 Ι
105 737 295 864 Cum
305 749 595 812 Vitebergam
616 749 844 815 quondam
863 750 1111 805 studiorum
1123 753 1264 822 qusl'a
1286 756 1510 814 venissem,

89 847 113 871 ν,
254 838 576 867 vBuERANnE
617 838 905 877 DEYLINGI,
942 819 1281 882 vigebatpetiam
1310 835 1408 870 tum
1440 831 1510 873 Io.

103 889 317 936 Guilielmi
342 890 459 942 Iani,
509 904 776 951 quamquam
815 889 988 952 aliquot
1027 892 1150 936 an'nis
1188 901 1290 938 ante
1329 896 1509 950 mortui,

99 957 341 1010 memoria,
389 967 436 1001 et
462 958 578 1002 inter
605 957 810 1010 iuuenes,
862 955 1076 1014 sacrarum
1106 958 1328 1006 literarum
1367 958 1508 1007 studia

100 1023 391 1081 aemulantes,
419 1022 586 1070 summa
606 1040 710 1070 cum
729 1023 859 1070 laude
872 1023 1187 1074 celebrabatur.
1222 1029 1402 1075 Etenim
1423 1030 1505 1093 qui

97 1092 356 1161 supererant
377 1109 427 1138 ex
448 1093 541 1138 eius
562 1090 807 1154 disciplina,
829 1092 941 1138 nihil
962 1109 1018 1152 eo
1036 1087 1346 1156 praedicabant
1364 1097 1504 1143 excel·

14 1206 18 1223 y
95 1149 261 1215 lentius
283 1157 430 1214 fuisse,
476 1159 546 1206 vel
580 1161 625 1204 in
662 1158 883 1220 dogmatis
910 1160 1180 1222 theologicis
1217 1163 1504 1228 explicandis,

27 1243 33 1253 ·
94 1218 252 1285 νέίλῃ
287 1220 470 1275 historia
504 1224 797 1274 Ecclesiastica
833 1226 1085 1275 enarranda.
1182 1233 1348 1295 Neque
1381 1233 1504 1279 enim

97 1287 355 1362 §ommunia
372 1294 509 1342 modo
526 1296 599 1342 illa
617 1293 856 1351 tradidisse,
900 1313 1013 1359 quae
1040 1296 1098 1359 ab
1116 1314 1389 1363 vnoquoque
1409 1299 1501 1346 alio

95 1357 209 1408 tradi
228 1361 432 1417 solerent,
453 1371 499 1408 et
517 1379 543 1405 e
561 1364 723 1426 quouis
743 1363 1016 1426 compendio
1034 1366 1261 1430 vtriusque
1275 1364 1500 1414 dostrinae

98 1427 200 1485 disci
217 1426 413 1494 possent,
461 1428 536 1476 sed
563 1429 702 1476 multa
728 1429 1001 1494 exquisitiora
1021 1448 1047 1476 e
1066 1433 1326 1480 reconditae
1348 1434 1500 1482 erudi-

93 1497 380 1560 tionis,copia
398 1495 655 1562 protulisse,
697 1497 836 1544 multa
864 1497 918 1543 de
939 1496 1258 1548 difficilioribus
1281 1501 1499 1550 sacrarum

91 1564 340 1620 literarum,
359 1575 410 1611 et
426 1576 628 1612 veterum
646 1563 869 1612 Ecclesiae
887 1565 1172 1631 scriptorum,
1191 1569 1300 1615 locis
1321 1570 1498 1632 elegan-

11 1673 15 1678 .
92 1633 183 1686 tius
202 1629 452 1687 obseruata,
491 1633 629 1679 multa
655 1631 710 1678 de
730 1635 1038 1699 monumentis
1064 1638 1277 1700 antiquiS,
1316 1654 1498 1685 eorum·

93 1717 183 1766 que
199 1699 270 1747 vel
294 1700 342 1746 in
359 1700 614 1762 Theologia
636 1700 706 1747 vel
725 1702 771 1747 in
793 1699 973 1748 historia
994 1701 1094 1758 vsu,
1139 1704 1278 1767 multa
1297 1705 1352 1751 de
1373 1706 1494 1752 libris

91 1765 351 1815 melioribus
365 1785 416 1814 ac
434 1766 695 1823 rarioribu33
733 1779 781 1816 vt
806 1769 934 1816 facile
954 1770 1146 1831 intelligi
1165 1770 1332 1836 poffet,
1371 1770 1401 1818 si
1431 1774 1495 1819 illi

93 1834 348 1889 diuturnior
376 1837 461 1883 vita
491 1833 765 1896 contigisset,
806 1847 1016 1901 quantam
1046 1840 1115 1896 vel
1144 1838 1239 1886 vrbi
1269 1839 1496 1887 celebrita-

29 1956 33 1957 ⁷
90 1913 211 1958 tem,
241 1902 313 1950 vel
331 1899 532 1950 studiosis
553 1898 788 1951 vtilitatem
814 1905 1024 1952 allaturus
1043 1904 1198 1954 fuisset.
1270 1910 1375 1955 Fuit
1395 1907 1495 1954 sane

89 1971 156 2018 vir
171 1965 492 2032 ille'Theologi
512 1987 654 2036 prope
672 1969 860 2036 perfesti
878 1974 1148 2037 exemplum.
1227 1980 1349 2021 Nam
1385 1991 1490 2023 cum

90 2034 353 2098 dogmatum
380 2038 558 2085 scientia
583 2056 659 2096 ea,
707 2057 823 2103 quae
858 2057 885 2086 e
925 2041 1105 2088 summis
1133 2042 1492 2107 corporibusque

16 2112 18 2116 ’
88 2101 313 2155 doffiinae
341 2106 567 2164 hauritur,
617 2109 820 2154 omnium
850 2107 1078 2168 bonarum¹
1100 2110 1327 2157 literarum
1355 2111 1488 2157 scien-

86 2172 195 2223 tiam
215 2173 514 2227 coniunxerat.
614 2173 686 2222 Ab
708 2177 940 2223 excellenti
969 2177 1045 2224 illa
1063 2177 1488 2226 Schurzfleischiana

87 2232 331 2303 disciplina,
374 2243 419 2286 in
438 2257 525 2304 qua
544 2258 617 2287 τν
637 2259 820 2307 quoque
838 2245 970 2290 huius
996 2239 1138 2292 rvAe
1170 2244 1404 2307 exquisitae
1439 2256 1488 2292 et

88 2307 300 2369 elegantis
331 2303 556 2356 dostn‘nae
584 2326 785 2358 amorem
817 2322 865 2358 et
895 2314 1020 2358 initia
1047 2310 1301 2377 percepisti,
1340 2313 1488 2377 profe-

86 2371 208 2431 stus,
248 2375 482 2422 itineribus
501 2391 583 2439 per
603 2377 817 2434 Galliam,
860 2381 1151 2436 Britanniam,
1188 2376 1485 2444 Batauosque,

86 2453 262 2496 matura,
276 2443 362 2494 iam
382 2454 525 2490 aetate
543 2453 674 2506 atque
695 2443 922 2502 doRrinag-
943 2444 1063 2493 faffls
1087 2449 1284 2494 excultus
1305 2449 1486 2495 etlocu·

16 2561 18 2563 ,
84 2506 301 2574 pietatus,
344 2505 538 2575 denique
564 2510 617 2556 ab
638 2511 839 2559 historica
867 2514 1096 2570 cathedra,
1137 2517 1181 2573 in
1205 2533 1290 2576 qua
1321 2517 1491 2579 aliquot

27 2606 30 2607 ν
86 2580 213 2629 annis
232 2593 339 2625 cum
364 2578 498 2626 laude
516 2578 707 2635 sederat,
753 2582 808 2627 ad
840 2581 1145 2644 theologicam
1178 2583 1487 2629 adscenderat:

190 2660 215 2673 ·’
773 2644 814 2695 A
847 2663 873 2694 2
1289 2648 1485 2697 studium

499 2748 506 2785 l
