1682 3068
432 182 1081 218 uvnaroxxvs
1395 180 1460 229 25

0 304 37 363 Ιι
54 296 351 348 Graecorum,
366 292 446 357 qui
461 292 507 338 in
524 287 748 337 suoverbo
770 307 862 338 non
884 291 1023 351 magis
1040 289 1128 336 tale
1139 288 1245 354 quid
1263 306 1460 353 vnquam
1542 323 1546 325 >

52 363 279 419 viderunt,
310 376 444 426 quam
467 359 615 419 Latini
636 369 832 409 veteres,
860 360 903 403 in
927 358 1016 405 suo.
1091 357 1174 404 Sed
1195 358 1269 405 ille
1285 359 1462 419 ignora-

53 431 119 479 vit
158 445 330 489 graecas
359 428 531 477 literas,
587 442 697 489 quas
725 425 856 471 nimis
886 424 1004 481 sero,
1051 437 1185 490 atque
1215 424 1458 475 admodum

10 529 13 531 -
54 486 230 553 leuiter,
250 495 409 556 attigit„
436 492 700 557 Similesque
718 509 853 540 noxas
873 492 1032 539 dedere
1051 495 1320 558 interpretes
1344 507 1461 542 vete‘

55 583 128 613 res
154 565 278 611 latini
296 566 479 618 Irenau‘,
520 562 741 625 origenis,
780 561 984 623 Gregorii
1009 562 1203 623 Nyffizni,
1253 564 1461 610 aliorum·

57 649 149 698 que
170 633 444 679 Graecorum
466 627 682 676 Ecclesiae
705 631 904 684 Patrum,
922 627 1092 693 peffimi
1113 629 1353 678 verborum
1369 633 1461 679 lati-

57 715 219 748 norum
238 697 447 762 opifices,
483 715 509 743 e
531 714 724 760 quorum
753 695 915 743 fabrica
948 695 1086 742 multa
1108 695 1372 746 stolidiffime
1408 697 1462 746 ad

58 783 319 831 graecorum
347 764 588 812 verborum
616 764 943 828 etymologiam
972 761 1116 810 effie‘ta
1143 765 1376 828 prodiere,
1414 778 1462 814 vt

34 827 441 896 'transcorporatim
476 842 848 893 transcorporatus
877 835 931 892 (e
957 829 1376 896 μετενσωμοὶτωσις,
1418 846 1464 883 et

54 899 529 969 μετενσωματωθεὶς,)
581 903 967 948 transelementatio
1017 913 1063 946 et
1102 899 1262 948 similia.
1360 908 1464 950 Hos

54 969 384 1018 recentioribus
403 967 685 1033 temporibus
704 970 863 1014 imimti
885 968 1004 1024 sunt,
1027 971 1103 1031 qui
1122 972 1301 1015 Patrum
1325 972 1462 1017 Grae-

55 1055 214 1098 corum
238 1036 395 1101 scripta
413 1053 515 1083 cum
539 1035 737 1084 verfione
757 1037 887 1082 latina
909 1035 1111 1083 edidere:
1154 1039 1228 1099 qui
1250 1037 1365 1084 hanc
1388 1037 1463 1086 fibi

55 1105 205 1168 legem
227 1105 436 1153 videntur
455 1102 686 1169 scr'ipfiss‘e,
733 1116 781 1150 vt
812 1121 869 1150 ne
898 1105 1025 1151 aliter
1050 1116 1279 1151 verterent
1295 1124 1320 1152 e
1341 1124 1464 1171 prae-

47 1169 300 1239 positione,
342 1173 511 1221 vtalias
530 1186 720 1229 taceam,
762 1168 887 1233 μετοί
908 1171 1175 1238 composita,
1220 1192 1350 1238 quam
1387 1193 1466 1238 per

3 1285 8 1288 .
54 1250 178 1291 tram
204 1251 251 1289 et
279 1242 463 1306 propria
490 1241 669 1288 alterius
704 1240 829 1288 verbi
866 1243 1240 1305 interpretatione
1273 1242 1467 1291 seruata:

55 1307 175 1361 ‚vnde
194 1309 240 1355 in
262 1310 436 1373 Cyritli,
468 1308 639 1374 Basilii,
667 1309 867 1375 Nyffim',
896 1309 1175 1372 aliorumque
1198 1309 1338 1364 libris,
1378 1313 1468 1375 qui-

56 1374 142 1423 bus
161 1375 372 1440 frequens
388 1374 488 1422 vsus
498 1375 738 1423 verborum
758 1376 1072 1438 μταςοιχειέν
1092 1389 1138 1423 et
1153 1377 1468 1438 μεταςοιχωώ·

58 1461 194 1503 πως,
240 1460 326 1507 pro
344 1447 597 1490 comm‘utare
614 1452 840 1509 vtcunque,
881 1445 954 1491 vel
970 1445 1229 1508 instaurare,
1272 1450 1467 1509 reperias

56 1509 140 1565 ‚ista
159 1507 290 1559 verba
307 1526 539 1574 nunquam
558 1511 683 1557 aliter
700 1512 914 1577 exprimi,
933 1529 1068 1576 quam
1089 1529 1168 1575 per
1184 1517 1471 1562 transelemen-

60 1589 157 1628 tan
189 1586 231 1625 ct
261 1580 763 1626 transelemmationm:
805 1584 859 1626 et‘
877 1579 963 1626 alia
988 1578 1201 1627 similiter.
1298 1586 1393 1628 Iam
1423 1584 1470 1628 in

58 1646 292 1695 nonnullis
319 1645 411 1693 hoc
438 1643 674 1700 tolerabile
703 1654 820 1704 etat,
855 1646 932 1694 vbi
961 1649 1099 1695 etiam
1127 1659 1255 1695 vetus
1283 1650 1469 1697 consue-

59 1715 174 1764 tudo
206 1715 342 1761 latina
367 1712 528 1760 ferret:
596 1711 668 1760 sed
696 1711 812 1764 illud
838 1714 947 1762 hinc
982 1714 1263 1764 incommodi
1303 1729 1470 1774 ortum,

59 1781 184 1848 quod
201 1778 519 1843 Theologistae
554 1779 773 1831 bonarum
801 1781 1035 1830 literarum
1067 1784 1201 1830 rudes
1230 1785 1275 1831 in
1308 1785 1469 1834 talibus

57 1851 250 1912 argutati
267 1849 390 1906 sunt,
428 1860 477 1896 et
504 1859 654 1915 partes
685 1848 930 1899 verborum
957 1850 1011 1900 ad
1037 1851 1235 1910 literam,
1275 1865 1324 1899 vt
1356 1855 1470 1904 male

59 1928 247 1974 vocant,
299 1916 392 1964 hoc
421 1913 508 1972 est,
554 1918 713 1982 puerili
740 1920 931 1976 ratione,
991 1918 1115 1967 miffa
1143 1920 1469 1969 consuetudine

56 2002 219 2048 graeca
241 1994 288 2031 et
305 1995 456 2032 vetere
476 1984 631 2041 latina,
665 1988 958 2049 interpretati,
993 1987 1203 2049 dogmata
1222 2005 1343 2037 noua
1366 2009 1470 2055 pro-

63 2051 309 2106 cuderunt,
347 2068 490 2116 eaque
513 2051 668 2100 faustis
689 2052 907 2101 Ecclesiae
929 2057 1030 2102 viris
1053 2055 1299 2104 obtrudere
1320 2060 1470 2105 conati

0 2168 1 2171 ,
61 2119 186 2178 funt,
228 2118 390 2182 quibus
409 2119 522 2167 nihil
540 2121 631 2167 tale
656 2122 702 2167 in
734 2133 935 2171 mentem
954 2135 1152 2172 venerat.
1249 2128 1376 2172 Haec
1410 2124 1472 2172 est

0 2182 1 2197 ¹
62 2204 167 2236 vera
191 2184 266 2233 sed
281 2184 525 2244 admodum
546 2186 717 2236 sordida
734 2193 866 2252 origo
886 2191 1078 2240 famosae
1108 2189 1252 2248 istius,
1293 2206 1340 2241 et
1373 2211 1471 2242 non

62 2253 205 2303 modo
237 2271 262 2300 a
289 2252 415 2300 sacris
445 2255 606 2311 literis,
654 2255 728 2304 sed
757 2261 888 2306 etiam
926 2259 980 2306 ab
1009 2263 1243 2307 communi
1271 2272 1317 2309 et
1345 2264 1471 2309 omni

60 2324 237 2381 >aurium
258 2320 554 2370 humanarum
576 2322 701 2372 sensu
720 2323 1003 2374 abhorrentis
1023 2326 1470 2377 transsubstantiatio·

63 2391 156 2439 nis:
194 2389 303 2436 haec
321 2388 509 2444 sentina,
538 2389 654 2438 vnde
671 2392 904 2457 pleraque,
941 2406 988 2442 et
1011 2394 1065 2442 ab
1085 2397 1198 2453 aliis,
1228 2408 1276 2444 et
1294 2397 1348 2444 ab
1369 2400 1470 2446 Mu·

64 2461 233 2506 ratario
262 2454 411 2504 hausta
438 2456 562 2513 sunt,
611 2475 725 2522 quae
754 2459 808 2506 ad
836 2460 1072 2510 fucandam
1102 2463 1218 2511 hanc
1244 2466 1474 2517 Helenam

63 2524 250 2577 scilicet,
294 2525 415 2572 velut
439 2542 464 2571 e
484 2528 662 2574 Patrum
682 2524 931 2576 sanRorum
954 2530 1122 2595 scriptis
1143 2542 1190 2579 et
1212 2550 1238 2579 e
1255 2535 1469 2595 Liturgiis

15 2627 27 2638 .,
64 2587 281 2708 Ξηῐίςυίε,
312 2592 619 2657 proferuntur.
697 2597 824 2649 Quae
842 2612 965 2666 nunc
983 2615 1066 2660 age
1086 2599 1314 2665 separatim
1334 2600 1470 2650 confi-

97 2675 287 2711 exemtis-

786 2733 877 2791 B5
1047 2718 1150 2756 *⁶*
1398 2741 1468 2783 Ac
