1682 3068
230 157 325 194 202
536 157 827 190 vammum
863 158 1122 192 aunt-1111
1153 159 1342 194 nxvnu

225 263 382 322 nando
402 261 572 319 trastet,
603 263 675 312 sed
696 267 828 313 etiam
860 265 997 314 multa
1014 267 1086 314 vel
1105 265 1264 326 videat,
1298 267 1372 317 vel
1390 271 1624 332 excogitet,
1675 279 1682 312 ῑ

225 349 332 381 cum
362 349 520 394 magna
549 334 724 393 generis
761 334 947 381 humani
974 336 1184 391 vtilitate‚
1226 347 1359 402 atque
1385 337 1457 384 sua
1482 339 1624 395 laude,
1665 343 1678 348 ”

223 418 342 465 quae
361 404 509 448 omnis
525 401 624 448 talis
645 401 910 449 necessitatis
930 402 1034 450 sunt
1060 405 1271 467 expertia:
1306 406 1430 451 cuius
1452 408 1623 466 generis
1668 403 1682 418 '‘

222 467 357 518 rebus
384 470 516 532 plena
547 466 610 514 est
639 469 724 515 vita
756 470 960 517 humana.
1040 470 1276 518 Libertatis
1303 483 1453 519 autom
1473 484 1624 521 natura

219 535 316 584 hoc
332 535 433 590 fert,
461 547 509 583 vt
526 536 571 582 in
594 533 764 598 agendo
784 538 908 584 nulla
928 537 1177 584 necestitate
1198 551 1398 599 cogatur,
1417 555 1511 587 non
1530 556 1624 588 mo·
1670 545 1671 549 ’

222 603 286 652 do
306 601 535 661 hastenuS,
568 617 615 651 vt
643 620 737 651 non
765 615 866 665 agat
893 606 1045 660 inuita,
1081 604 1153 651 sed
1172 607 1314 661 etiam,
1347 623 1405 653 ne
1424 609 1470 654 in
1490 623 1623 669 agen·
1654 608 1657 610 ’

224 669 286 718 do
309 673 366 719 ita
393 668 732 732 constringatur,
751 682 799 718 vt
818 689 908 720 non
926 671 1055 737 possit
1074 674 1186 720 vltra
1205 673 1625 740 neceffitatem‘pro-

224 738 368 801 gredi,
403 739 629 795 etvfacere,
647 737 900 795 instituere,
931 757 1044 803 quae
1073 740 1195 787 nulla
1217 740 1439 789 necessitas
1459 735 1623 807 perspi·-

227 823 309 854 cua
327 824 475 855 rerum
494 802 699 871 postulet.
742 811 856 853 Non
875 808 971 854 vult
996 810 1095 868 cogi
1115 808 1300 866 libertas,
1320 821 1368 857 vt
1386 822 1499 870 agat,
1519 827 1623 858 cum

222 891 322 922 non
343 875 511 939 placet:
533 872 605 919 sed
626 890 712 920 nec
730 873 932 938 impediri
953 874 995 921 se
1019 874 1209 931 sustinet,
1233 893 1323 941 quo
1342 879 1489 925 minus
1509 889 1623 938 agat,

225 958 331 990 cum
350 942 489 998 lubet,
523 938 602 987 etsi
622 942 744 988 nulla
764 941 995 989 necessaria
1022 941 1159 991 cauffa
1179 956 1431 1007 prouocata.
1502 943 1624 1000 Quid

223 1011 366 1071 ergo?
397 1013 624 1056 Summam
654 1008 771 1056 illam
798 1011 883 1056 Dei
911 1008 1173 1066 libertatern,
1209 1029 1396 1076 eamque
1423 1009 1621 1059 sanEtiffi«

214 1094 356 1135 mam,
389 1088 435 1124 et
454 1074 824 1141 sapientissimam,
844 1088 889 1124 et
907 1076 1356 1134 beneficentiffimam,
1374 1097 1431 1126 an
1452 1079 1516 1126 fas
1540 1097 1622 1143 pu-

217 1155 378 1198 tamus,
410 1147 471 1191 ita
502 1141 694 1204 angustis
722 1143 884 1192 finibus
907 1145 1214 1202 circumscribi,
1247 1158 1295 1193 vt
1314 1149 1355 1193 ei
1375 1163 1469 1193 non
1491 1147 1623 1193 liceat

217 1210 384 1276 aliquid
405 1209 690 1265 constituere,
718 1212 840 1276 quod
860 1213 979 1259 nulla
999 1214 1206 1260 naturalis
1225 1228 1383 1261 rerum'
1398 1213 1621 1261 necessitas

215 1281 414 1344 imperet
437 1278 635 1330 sancire?
653 1296 738 1325 nec
757 1297 806 1325 ea
828 1297 877 1326 re
898 1281 970 1327 vel
990 1281 1227 1327 hominum
1249 1281 1498 1328 commodis
1516 1298 1619 1328 con·

215 1348 374 1404 sulere,
409 1347 479 1395 vel
498 1346 596 1392 suae
615 1344 835 1400 maiestati,
857 1346 956 1393 suae
973 1345 1102 1401 laudi,
1138 1347 1236 1394 suae
1259 1348 1458 1410 gloriae?
1487 1353 1537 1396 ln
1554 1366 1622 1395 re·

213 1414 300 1462 bus
319 1415 559 1479 corporeiS,
579 1424 624 1461 et
641 1430 753 1477 quae
773 1412 824 1459 ad
846 1413 1055 1461 alendum
1074 1414 1166 1462 hoc
1185 1417 1372 1463 mortale
1391 1416 1622 1480 corpuscu-

215 1484 312 1531 lum
341 1483 590 1548 pertinent,
621 1484 724 1528 Deo
754 1481 1043 1529 concedimus
1082 1483 1174 1530 hoc
1202 1485 1305 1530 iuris
1328 1501 1380 1531 ac
1396 1483 1621 1538 libertatis,

214 1562 266 1598 vt
286 1549 420 1616 possit
439 1550 674 1597 hominem
694 1550 856 1596 lautius
877 1560 923 1596 et
942 1549 1164 1597 liberalius
1182 1549 1365 1597 trastare
1387 1551 1540 1608 brutis,
1572 1560 1619 1597 et

215 1617 369 1666 multis
405 1634 499 1664 non
529 1614 772 1663 necessariis
802 1615 930 1662 bonis
961 1619 1095 1663 vitam
1123 1618 1380 1674 exhilarare,
1417 1628 1464 1664 vt
1489 1617 1618 1682 supra
1675 1678 1679 1682 .

215 1683 501 1740 ostendimus,
529 1683 589 1746 (ξ.
613 1686 707 1744 15.)
738 1692 784 1729 et
811 1684 868 1730 ita
900 1683 941 1728 se
971 1686 1132 1747 quouis
1165 1683 1303 1731 modo
1325 1685 1617 1750 conspicuum
1674 1740 1676 1745 .

215 1764 264 1800 et
289 1750 521 1798 amabilem
552 1749 752 1797 reddere.
821 1754 946 1805 Quae
978 1753 1117 1811 igitur
1142 1753 1254 1799 ratio
1284 1752 1357 1807 est,
1389 1755 1437 1800 in
1465 1755 1615 1800 animo

210 1836 352 1885 quare
372 1835 467 1866 non
488 1818 720 1884 patiamur,
747 1820 897 1864 Deum
916 1835 1063 1881 neque
1084 1819 1164 1865 alia
1183 1818 1359 1869 tradere
1386 1819 1442 1866 de
1470 1819 1513 1866 se
1543 1837 1617 1867 co·

214 1885 487 1949 gnoscenda‚
523 1902 655 1949 quam
686 1902 810 1950 quae>
825 1903 849 1933 a
869 1884 1117 1933 necestitate
1133 1904 1284 1934 rerum
1305 1905 1356 1934 ac
1373 1889 1617 1935 notionum

211 1955 304 2020 ipsa
330 1953 590 2006 doceantur,
618 1970 703 1999 nec
728 1954 805 2000 alia
833 1951 977 2000 officia
1008 1952 1315 2018 praescribere,
1348 1972 1481 2018 quam
1501 1972 1615 2018 quae

210 2030 370 2082 natura
400 2037 450 2068 ac
480 2019 704 2068 necessitas
736 2019 934 2068 videatur
961 2019 1149 2079 sanxisse,
1179 2031 1225 2069 et
1244 2019 1304 2068 fic
1320 2023 1402 2069 alia
1423 2023 1615 2086 quadam

209 2091 386 2139 ratione
415 2086 640 2135 mentibus
667 2089 874 2135 humanis
904 2089 1191 2154 conspicuum
1221 2088 1264 2134 se
1291 2100 1338 2136 et
1366 2090 1613 2136 verendum

211 2143 422 2205 efficere?
456 2160 568 2203 Non
587 2155 699 2202 mihi
719 2156 809 2202 hoc
830 2156 1016 2217 dignum
1039 2157 1158 2213 Deo,
1194 2173 1286 2203 non
1309 2157 1402 2222 ipso
1426 2157 1612 2204 homine

209 2225 401 2287 dignum
421 2222 607 2282 videtur,
640 2223 892 2288 praesertim
917 2226 1193 2290 incorrupto,
1213 2235 1260 2271 et
1280 2224 1398 2272 hanc
1419 2222 1477 2270 ob
1501 2223 1617 2271 cause

207 2294 299 2341 sam
327 2291 514 2356 cupido,
553 2308 687 2356 quam
714 2291 917 2356 plurimis
947 2291 1077 2340 rebus
1109 2302 1154 2339 et
1183 2290 1327 2340 modis
1355 2295 1458 2338 Deo
1488 2291 1612 2341 obse-

210 2363 369 2426 quium
392 2358 622 2424 praestare.

312 2438 390 2483 28.
412 2428 608 2482 Etenim,
623 2424 699 2472 etsi
720 2426 780 2473 illi
798 2427 977 2488 integro
998 2436 1044 2473 et
1062 2445 1086 2473 a
1104 2427 1219 2474 vitiis
1237 2423 1383 2473 adhuc
1401 2442 1515 2488 puro
1527 2426 1610 2473 hev

206 2496 319 2543 mini
341 2510 393 2540 ea
411 2496 476 2539 vis
494 2495 662 2555 ingenii
679 2493 777 2548 fuit,
788 2504 836 2539 vt
856 2493 926 2540 sua
946 2494 1106 2558 sponte
1124 2491 1267 2559 posset
1283 2509 1337 2540 ex
1354 2492 1442 2556 ipsa
1463 2509 1610 2540 rerum
1673 2542 1676 2546 ,

206 2571 368 2609 natura
386 2557 539 2608 iustam
560 2563 646 2607 Dei
673 2562 982 2622 cognitionem
1005 2578 1183 2625 capere:
1219 2570 1380 2615 tamen,
1413 2576 1518 2607 cum
1545 2562 1610 2607 vis

205 2628 283 2682 illa
303 2644 398 2679 non
418 2627 526 2682 esset
543 2628 730 2686 infinita,
758 2627 830 2681 sed
849 2639 897 2676 et
926 2629 1018 2700 ipsa
1038 2628 1200 2680 finibus
1223 2627 1309 2677 suis
1341 2628 1611 2678 circumseri.
1652 2624 1678 2645 ‘¹

1521 2706 1611 2761 pta,
