1682 3068
187 159 313 222 368*
554 171 811 204 mammas
849 174 918 205 ετ
977 174 1216 206 νεκιτᾼε

188 275 724 338 desiderabantludaei‚et
733 282 987 346 quicunque
1004 284 1098 346 pari
1117 280 1420 331 imbecillitate
1429 293 1585 333 tenena

188 362 290 405 tur,
320 347 584 409 dignitatem
606 358 788 395 omnem
809 360 854 395 et
880 349 1160 414 splendorem
1185 351 1316 398 habet
1333 369 1356 397 a
1376 353 1584 402 facultate

186 418 432 465 securitatis
451 427 655 463 externae
664 415 866 471 tuendae,
887 429 934 463 et
950 417 1165 464 iuuandae
1185 418 1404 466 felicitatis
1416 421 1582 469 ciuilis:

190 486 260 532 cui
280 498 381 531 cum
404 500 497 530 non
518 484 664 539 seruit,
698 483 965 540 mortuaest,
990 485 1060 531 vbi
1081 485 1346 540 aduersam,
1367 482 1501 534 etiam
1521 489 1586 534 in-

188 553 289 602 visa.
329 551 448 607 Quid
466 563 590 612 ergo,
610 551 692 597 hac
709 552 781 598 tali
801 555 1004 615 potentia
1016 551 1218 609 detra&a‚
1237 552 1384 609 amisit,
1405 557 1585 618 quinon

188 620 433 668 securitatis
455 629 502 665 et
522 619 738 666 felicitatis
759 630 959 666 externae
981 618 1115 666 caussa
1138 631 1264 667 natus
1285 632 1396 676 erat,
1426 621 1497 668 sed
1517 626 1586 670 in·-

188 698 358 745 ternae,
380 703 493 752 quae
512 687 645 734 nullis
660 689 884 748 potentiae
904 698 949 733 et
967 705 1105 750 opum
1119 687 1424 735 instrumentis
1436 706 1584 755 neque

187 767 382 821 paratur,
404 771 549 818 neque
568 754 861 805 conseruatur.
902 754 1130 816 Agebatur
1149 772 1249 802 vera
1267 768 1315 802 et
1331 767 1507 803 aeterna
1524 758 1582 804 sa·

187 825 257 874 lus
289 824 543 876 hominum,
579 838 689 887 quae
708 840 733 868 a
760 824 964 877 veritate,
1005 820 1274 883 benignitate
1303 835 1346 869 et
1375 823 1584 889 sapientia

188 890 338 939 diuina
357 891 488 937 venit.
530 892 591 937 Ea
609 886 670 935 est
687 905 771 936 vna
792 899 838 935 et
855 905 954 935 vera
975 900 1021 936 et
1040 891 1172 950 digna
1193 891 1304 937 Filio
1318 893 1401 937 Dei
1423 905 1585 956 potena-

190 960 273 1016 tia,
305 958 388 1005 hae
406 957 567 1018 dignae
584 973 715 1021 opes3
740 973 886 1019 *quam
915 958 961 1002 in
982 957 1068 1020 ipsa
1089 957 1165 1003 illa
1184 958 1434 1004 humilitate
1456 960 1583 1007 sortia

188 1038 236 1074 et
252 1027 468 1073 tenuitate
488 1024 717 1080 fortunae,
753 1021 924 1070 abunde
943 1036 988 1070 et
1016 1022 1170 1070 habuit
1189 1034 1236 1071 et
1255 1023 1584 1075 demonstrauit·

187 1097 255 1145 Io.
274 1097 305 1150 1,
330 1108 401 1151 14.
471 1097 539 1139 Ac
563 1108 656 1138 non
676 1090 955 1147 dubitamus,
975 1090 1182 1138 visibilem
1205 1091 1481 1156 splendorem
1503 1095 1584 1141 ho·

185 1175 376 1216 norum,
412 1160 640 1223 potentiae
672 1169 719 1205 et
740 1160 966 1221 copiarum
995 1156 1117 1205 fuiss‘e
1139 1158 1399 1207 obfuturum
1429 1163 1584 1210 maiori

186 1225 395 1276 maiestati
407 1244 459 1273 ex
478 1227 664 1273 internis
685 1237 730 1272 et
742 1223 1149 1289 inadspestabilibus
1169 1226 1310 1283 bonis,
1330 1227 1585 1276 hominum-

187 1313 278 1360 que
297 1294 442 1341 sensus
453 1296 514 1341 ita
524 1304 878 1348 excoecaturum,
889 1305 938 1340 vt
947 1309 1128 1340 cernere
1140 1310 1232 1341 non
1244 1292 1420 1359 possent
1430 1296 1585 1344 lumen

187 1364 406 1411 maiorum
426 1361 662 1419 bonorum,
693 1360 814 1426 quod
834 1361 923 1408 sola
942 1362 1227 1422 intelligentia
1247 1365 1451 1426 percipit.

290 1428 518 1484 Profetto,
548 1433 805 1495 quicunque
826 1445 974 1476 veram
993 1429 1244 1494 sapientiam
1265 1431 1519 1490 intelligunt
1538 1440 1586 1479 et

190 1510 363 1554 amant,
393 1498 635 1559 agnoscent
654 1500 806 1562 potius
827 1499 872 1544 in
889 1513 945 1542 eo
964 1496 1222 1544 verissimam
1235 1533 1245 1553 ,
1273 1508 1321 1545 et
1339 1499 1593 1553 amabilem*

190 1578 237 1615 et
257 1566 435 1627 dignam
447 1568 555 1612 Deo
565 1565 834 1630 sapientiam,
859 1564 978 1629 quod
999 1566 1158 1611 Filium
1177 1566 1302 1612 suum
1324 1580 1427 1611 cum
1450 1567 1585 1613 vellet

185 1635 418 1683 hominem
427 1631 534 1688 fieri,
556 1635 681 1680 omni
697 1634 770 1679 illa
787 1633 1001 1679 humanae
1013 1633 1215 1679 vanitatis
1233 1647 1396 1696 pompa
1408 1633 1585 1681 inanem

190 1712 237 1749 et
255 1701 446 1749 liberum
467 1699 552 1746 esse
571 1698 704 1752 iussit,
742 1699 939 1762 nihilque
962 1701 1007 1744 in
1037 1698 1153 1744 illius
1188 1700 1382 1745 homini:
1404 1699 1585 1748 fortuna

187 1769 370 1834 reliquit
387 1768 590 1833 pulcrum
609 1764 799 1814 sensibus
813 1802 823 1821 ,
845 1765 1146 1812 admirandum
1165 1767 1350 1830 populo,
1373 1780 1419 1812 vt
1440 1766 1584 1815 homi·

187 1854 268 1886 nes
287 1834 342 1883 ad
362 1832 709 1899 inadspefitabilia
730 1844 776 1880 et
797 1832 1034 1888 cernenda,
1076 1843 1122 1879 et
1141 1833 1343 1890 amanda,
1380 1845 1426 1880 et
1446 1835 1586 1883 admi·

188 1903 321 1953 randa
331 1913 728 1957 conuerterentur3
763 1904 808 1948 in
821 1918 912 1966 quo
931 1899 992 1946 est
1003 1915 1115 1957 vera,
1132 1899 1207 1947 etsi
1227 1917 1383 1965 parum
1395 1902 1584 1965 speciosa

189 1973 336 2033 vulg0,
359 1981 406 2018 et
423 1967 612 2017 difficilis
630 1969 848 2034 sapientia.
910 1972 1032 2014 Nam
1053 1967 1334 2031 splendorem
1357 1974 1583 2032 potentiae

188 2041 434 2095 humanae,
461 2035 835 2100 magnificentiae,
866 2036 1129 2090 diuitiarum,
1148 2035 1348 2082 admirari
1369 2037 1491 2084 facile
1510 2034 1587 2094 est,

187 2104 318 2155 tan‘to
338 2108 504 2171 cuique
521 2104 702 2160 facilius,
734 2114 899 2169 quanto
921 2101 982 2149 est
1003 2102 1093 2168 ipse
1108 2101 1278 2151 stultior
1298 2115 1342 2149 et
1362 2106 1473 2151 vitiis
1495 2105 1584 2169 ple-

188 2177 314 2224 niorz
347 2184 392 2221 at
409 2171 686 2222 bonadiuina
696 2182 742 2219 et
759 2174 904 2228 animi,
923 2187 1036 2236 quae
1054 2187 1146 2217 non
1165 2170 1349 2219 subieRa
1370 2173 1470 2219 sunt
1480 2187 1585 2219 ocu·

188 2243 264 2300 lis,
285 2242 407 2289 nulla
426 2243 573 2307 specie
592 2239 780 2287 sensibus
802 2238 1195 2295 commendantur,
1226 2257 1275 2286 ea
1293 2255 1401 2286 vero
1420 2237 1582 2296 videre,

187 2327 275 2376 pro
295 2309 422 2357 bonis
440 2308 642 2376 probare,
663 2307 876 2364 admirari,
896 2317 1113 2370 expetere,
1142 2304 1379 2353 contemtis
1398 2307 1582 2367 vulgari-

187 2370 274 2425 bus
293 2376 592 2425 admirationis
612 2377 830 2423 humanae
851 2374 1068 2428 ludibriis,
1101 2374 1191 2420 hoc
1210 2390 1336 2440 opuS‚
1363 2375 1437 2428 hic
1455 2374 1582 2420 labor

190 2443 264 2492 est.
327 2444 414 2492 Sed
436 2443 667 2492 ressiffi‘me
686 2446 746 2490 ita
767 2443 939 2507 semper
958 2439 1020 2488 est
1036 2441 1274 2489 iudicatum
1292 2459 1316 2488 a
1332 2438 1582 2488 <iustissimis
1606 2469 1628 2485 ³

189 2511 460 2568 hominibus,
478 2523 575 2559 tum
594 2510 680 2558 esse
707 2511 961 2574 sapientiam
983 2510 1212 2556 maximam
1233 2519 1278 2555 et
1304 2506 1582 2573 splendidiffi-

187 2595 308 2626 mam
321 2614 331 2633 ,
352 2594 456 2626 cum
475 2579 528 2626 ad
547 2580 670 2627 hunc
690 2578 874 2641 gradum
895 2575 1183 2642 peruenisset,
1212 2589 1311 2622 cum
1330 2591 1479 2622 rerum
1500 2576 1582 2623 hu-

188 2660 417 2695 manarum
432 2647 715 2712 splendorem
735 2646 861 2694 nihili
880 2644 1060 2702 ducere,
1088 2660 1236 2693 rerum
1255 2643 1582 2761 diuinarumsbet

1393 2724 1470 2760 mu
1501 2730 1514 2760 1
1546 2729 1579 2760 ιι
