1682 3068
166 195 262 231 100
746 193 979 227 Aua-1

163 300 512 354 ChrIstianorum
532 299 712 348 accendi
732 302 920 359 lumina,
963 299 1218 350 inferiorem
1245 313 1388 350 aetate
1409 305 1566 354 Hiero·
1644 291 1647 295 ¹

161 375 275 438 nymi
303 371 509 435 putabat,
549 368 629 415 nisi·
656 387 755 417 cum
789 372 1081 426 Euangelium
1111 371 1358 431 legeretur,
1400 373 1444 419 in
1476 390 1566 436 quo

163 442 309 488 omnis
332 439 528 484 Orientis
554 436 762 485 Ecciesias
781 437 1024 485 luminibus
1045 437 1233 484 accensis
1254 439 1368 495 vsas,
1407 438 1458 486 ad
1483 441 1568 487 lae-

157 510 298 555 titiam
324 504 672 567 fignificandam,
706 506 825 553 idem
851 507 1127 571 Hieronymus
1147 490 1300 553 anaor
1322 504 1395 555 est.
1451 512 1566 556 Non

160 573 223 622 est
242 573 373 621 nobis
405 571 656 630 confilium,
702 588 798 621 eam
825 572 1171 621 controuersiam
1199 571 1385 621 trastare
1414 576 1569 636 copio·
1622 623 1624 625 ,
1662 563 1664 566 ⁵

158 642 254 690 ssus.
333 645 499 706 Neque
519 643 640 688 enim
663 657 745 688 nos
766 641 887 688 vsum
920 640 1221 698 candelarum,
1261 642 1330 688 vel
1351 645 1394 688 in
1419 644 1459 690 S.
1481 641 1571 690 Eu·

160 706 383 764 charistia,
424 710 494 756 vel
521 711 566 755 in
598 710 724 757 sacris
754 709 964 774 publicu,
1005 727 1085 773 per
1115 709 1206 755 dies
1227 711 1493 756 Dominicos
1523 721 1570 757 et

161 778 317 834 festos,
359 776 657 841 repudiamus.
735 776 851 823 Illud
872 775 1160 824 existimamus
1179 794 1269 824 non
1295 777 1390 823 satis
1412 794 1567 827 verum

164 843 271 902 effe,
313 844 435 910 quod
456 843 727 893 Muratorius
746 847 791 892 in
812 845 894 890 hac
914 843 1206 908 disputatione
1228 847 1310 890 ait:
1338 847 1431 909 stne
1451 848 1568 893 lumi·

162 914 488 977 nibusproflb‘r'o
504 913 681 973 perabi‘a
699 929 779 959 nrm
795 912 892 974 fuit
917 912 1128 976 postrema
1149 914 1387 960 Salvatoris
1418 930 1568 962 coena:

162 995 431 1046 quamquam
454 981 592 1040 vulgo
625 977 782 1026 nostris
813 978 1069 1026 hominibus
1102 979 1219 1027 idem
1248 979 1444 1036 videtur,
1490 984 1568 1045 qui

161 1051 278 1098 hane
297 1051 448 1114 pueris
468 1051 690 1094 rationem
713 1045 900 1093 reddere
929 1047 1210 1095 candelarum
1241 1048 1486 1094 ardentium
1522 1051 1568 1096 in

159 1113 427 1166 Eucharistia
449 1115 602 1162 solent.
672 1118 896 1163 Homines
916 1108 1201 1178 antiquorum
1227 1132 1386 1161 coenas
1410 1114 1567 1164 nostris

161 1184 362 1233 moribus
405 1181 648 1230 aestimant.
747 1188 806 1229 At
841 1180 958 1246 apud
986 1195 1155 1230 veteres
1193 1185 1238 1229 in
1267 1184 1420 1229 coenis
1449 1185 1569 1231 nulia

159 1254 348 1309 lumina,
368 1250 445 1298 nisi
464 1252 515 1296 in*
531 1246 820 1315 tempestiuis.
853 1255 970 1298 Nam
984 1266 1150 1296 coenae
1169 1251 1442 1313 aliquantum
1462 1264 1568 1298 ante

159 1320 262 1369 solis
280 1318 480 1367 occa-'sum
502 1316 660 1374 fatiae,
700 1319 998 1381 inprimisque
1018 1316 1241 1363 Paschaies
1258 1326 1352 1362 tota
1381 1319 1570 1384 amplius

159 1390 271 1437 hora
292 1401 395 1434 ante
415 1385 516 1432 solis
537 1383 738 1431 occasum
758 1384 968 1445 agitatae:
1007 1382 1124 1431 vnde
1146 1384 1244 1447 plus
1265 1384 1362 1430 satis
1391 1394 1568 1451 tempo-

161 1458 237 1510 ris,
270 1454 382 1501 duae
403 1453 571 1508 saltem,
591 1462 639 1498 vt
659 1453 838 1515 opinor,
864 1448 998 1498 nostri
1016 1450 1190 1498 moduli
1212 1450 1360 1507 horae,
1381 1452 1433 1499 ad
1445 1463 1568 1500 com·

167 1521 392 1570 edendum
410 1520 655 1568 Paschalem
674 1534 862 1581 agnum,
911 1530 1149 1582 antequam
1172 1519 1412 1566 luminibus
1448 1538 1565 1584 opus

154 1588 284 1639 esset.
362 1593 508 1636 Immo
535 1598 613 1634 aut
631 1589 875 1635 memoriae
902 1589 1109 1650 antiquae
1127 1585 1398 1649 vsurpandae
1425 1585 1566 1634 cauffa

161 1659 334 1708 lumina
349 1656 550 1704 adhiberi
579 1664 764 1718 coepta,
800 1652 923 1718 quod
951 1654 1102 1717 primis
1123 1651 1435 1716 temporibus,
1478 1656 1563 1702 sae-

161 1723 382 1774 vientibus
402 1726 447 1771 in
465 1720 730 1770 Christianos
755 1722 976 1784 tyranniS,
1024 1737 1107 1784 per
1126 1718 1270 1768 nostis
1291 1722 1496 1769 tenebras
1516 1734 1564 1770 et

160 1791 385 1841 silentium
413 1800 669 1838 conuentus
692 1786 791 1835 faffl
811 1785 1177 1843 Christianorum,
1218 1799 1264 1835 et
1296 1786 1564 1837 Eucharistia

161 1860 215 1910 ad
235 1861 401 1908 lumina
420 1856 663 1914 celebrata,
702 1855 773 1902 vel
785 1857 979 1903 laetitiae
1007 1854 1169 1910 caussa,
1214 1873 1343 1919 quam
1373 1867 1419 1903 et
1440 1870 1564 1905 nunc

162 1927 406 1978 luminibus
428 1921 620 1974 accensis
641 1922 785 1971 testari
806 1941 904 1970 mos
920 1920 992 1970 est.
1073 1928 1282 1979 Quorum
1302 1924 1564 1972 Vtrumlibet

161 2007 336 2051 teneaS,
375 1993 490 2042 nihil
510 1991 678 2040 habent
696 1993 860 2038 lumina
877 1992 923 2037 in
943 1988 1209 2038 Eucharistia
1227 1992 1426 2050 accensa,
1467 2009 1561 2058 quo

157 2063 392 2132 prudentis
423 2065 594 2110 animus
626 2058 894 2108 offendatur.

255 2200 463 2264 Sequitur
486 2197 670 2252 oblatio,
688 2211 818 2259 quam
840 2210 863 2240 a
889 2194 1070 2240 Luthero
1091 2191 1316 2250 abolitam,
1334 2202 1381 2240 et
1392 2191 1558 2239 abomi-

102 2292 106 2298 ’
153 2269 347 2316 nationis
368 2266 505 2314 verbo
526 2266 795 2317 infamatam,
830 2261 942 2307 adeo
962 2259 1225 2321 indignatur,
1245 2270 1292 2308 vt
1310 2259 1556 2324 superbiam

158 2348 206 2395 et
226 2336 446 2390 furorem,
478 2344 525 2381 et
543 2332 875 2396 impotentiam,
908 2340 954 2375 et
974 2331 1295 2383 temeritatem,
1326 2339 1373 2374 et
1393 2330 1556 2384 omnia,

157 2404 198 2450 ei
219 2403 469 2467 exprobret.
570 2404 697 2446 Haec
723 2409 845 2445 tanta
872 2396 983 2442 mala
1012 2399 1160 2443 omnia
1180 2397 1414 2461 comprimi
1434 2393 1557 2459 poss‘e

154 2482 304 2535 putat,
355 2472 484 2517 vnius
524 2469 742 2516 Clementis
771 2468 951 2513 Romani
994 2462 1271 2518 testimonio,
1326 2464 1403 2526 qui
1440 2479 1555 2526 quae
1602 2480 1631 2522 .'

154 2537 331 2592 dixerit,
368 2554 431 2592 ea,
452 2547 500 2582 vt
519 2534 572 2582 ab
593 2532 693 2599 ipfis
712 2530 936 2598 Apostolis
956 2530 1177 2595 profe&a‚
1211 2527 1435 2594 probanda
1456 2528 1551 2577 effe.

156 2604 279 2661 Quid
298 2620 408 2664 ergo
428 2601 488 2649 est
507 2606 551 2649 in
573 2605 797 2651 Clementis
824 2598 1113 2646 testimonio?
1183 2600 1346 2644 Omnia
1369 2597 1555 2644 Clemens

150 2677 212 2723 ait
242 2675 323 2737 (in
342 2669 472 2738 Epist.
491 2674 525 2719 I.
545 2687 589 2737 p.
608 2687 665 2718 m.
691 2671 794 2732 52.)
824 2685 880 2716 eo
902 2667 1058 2715 ordine
1082 2664 1252 2729 agenda
1271 2662 1379 2724 effe,
1417 2681 1554 2728 quem

1424 2748 1549 2798 prae·
