1682 3068
214 173 220 176 ’
315 194 384 224 ετ
408 189 706 233 ςΛΝᾳνιΜε
725 191 756 221 1.
777 191 820 220 c,
846 191 906 221 nr
928 190 1104 221 comm
1134 190 1303 222 sacua
1408 190 1505 238 159

106 302 212 350 riam
230 299 432 356 facimus,
450 299 626 364 qualem
637 297 758 345 illam
779 296 1049 360 superiorem
1061 296 1136 345 filii
1151 300 1236 345 Dei
1254 299 1298 345 in
1315 297 1502 344 homine

104 369 202 417 Iesu
221 367 348 416 fuiss'e
364 369 549 424 seimus-⁴
629 364 754 411 Illius
774 375 920 411 autem
951 365 1218 427 praesentiae
1245 363 1503 414 facultatem

105 438 287 501 corpori
307 434 578 496 etbsanguini
596 430 752 479 Christi
771 447 866 478 non
894 432 1017 477 aliter
1035 431 1328 488 vindicamu8‚
1366 431 1503 496 quana

104 521 187 569 per
206 499 568 557 coniunRionem
590 499 811 548 humanae
832 509 1013 545 naturae
1037 517 1139 547 cum
1162 501 1309 548 diuina
1330 505 1503 551 Natura

59 616 62 618 ,
104 570 184 620 filii
201 574 289 619 Dei
305 571 458 624 talem,
486 585 569 632 per
588 584 741 632 quam,
769 564 842 614 vbi
865 565 985 613 filius
1004 570 1089 613 Dei
1112 564 1174 622 fit,
1198 581 1271 615 aut
1292 565 1377 616 esse
1397 585 1502 632 pro·

103 637 424 704 pdofquodam
451 635 590 686 modo
619 634 775 699 poffit,
842 633 902 681 ibi
930 636 1065 681 etiam
1095 631 1150 682 fit
1180 646 1227 682 et
1257 634 1343 682 effe
1370 633 1503 700 poffit

104 718 263 755 natura
282 704 484 758 hnmana.
559 705 611 750 In
629 720 719 768 quo
743 701 856 749 nihil
874 703 1198 766 repugnantiae
1218 701 1323 760 effe,
1357 720 1503 772 exem3

102 769 381 839 pbssfasso
401 771 653 827 docuimus,
695 768 816 834 quod
834 767 895 816 est
915 781 1230 830 argumentum
1250 769 1502 834 possibilita-

103 843 164 893 61,
180 839 404 890 minersae
421 836 814 894 euidentiffimum‚
843 847 890 883 et
908 835 1207 886 certiffimum.
1264 841 1502 887 Accedunt

234 909 247 919 '
313 904 588 955 rumChristi
607 904 662 952 de
682 904 808 952 simili
828 905 1097 968 praesentiae
1116 922 1282 966 genere
1301 907 1502 970 exempla

99 976 362 1027 &limfa
394 984 470 1028 28.
495 981 607 1023 extr.
654 977 826 1021 etibid.
859 983 930 1026 18.
960 989 1034 1018 20.
1098 990 1293 1038 quorum
1338 989 1500 1039 parum

98 1059 274 1093 memor
290 1043 394 1099 fuit,
437 1043 536 1106 qui,
577 1039 799 1088 Christum
826 1056 1055 1105 nunquam
1074 1038 1134 1106 de¹
1155 1040 1400 1107 praesentia
1426 1041 1500 1094 sua

0 1123 1 1166 Ὺ
98 1113 148 1158 in
166 1111 234 1159 his
253 1107 676 1176 gertimpromififfe,
716 1106 894 1175 scripsit.

197 1230 276 1274 29.
327 1217 612 1260 Nec'verum
650 1210 734 1269 est,
789 1212 923 1260 talem
962 1213 1250 1276 praesentiam
1282 1210 1369 1260 ess'e
1397 1213 1499 1261 alie·

100 1297 203 1327 nam
224 1299 246 1326 a
267 1279 448 1327 consilio
470 1281 648 1344 (scopo)
667 1277 851 1327 instituti
870 1283 1146 1328 Sacramenti.
1213 1284 1358 1329 Immo
1379 1284 1420 1328 ei
1437 1280 1502 1329 est

100 1345 331 1412 aptiffima,
378 1358 446 1411 *et
478 1347 565 1393 sola
602 1347 708 1393 facit
740 1350 1071 1394 Sacramentum
1112 1347 1295 1409 dignum
1342 1347 1502 1397 Christi

98 1415 307 1479 sapientia
325 1411 611 1461 et‘bonitate:
652 1412 740 1460 fine
760 1430 845 1477 qua
865 1415 1026 1460 nullam
1047 1417 1138 1462 vim
1158 1433 1306 1462 veram
1328 1416 1502 1475 habeat,

98 1480 190 1543 {ine
207 1499 296 1546 qua
320 1482 431 1529 nihil
452 1483 698 1545 accipiatur
716 1484 919 1545 proprie,
961 1479 1051 1528 fine
1069 1500 1154 1546 qua
1175 1483 1501 1547 superuacuum

98 1547 172 1604 fit,
207 1549 322 1597 n‘ihil
338 1547 418 1596 nisi
437 1548 705 1595 admonendi
723 1551 856 1603 rime,
889 1566 982 1612 quo
1001 1567 1151 1596 carere
1174 1550 1393 1607 homines,
1426 1553 1500 1598 cui

95 1633 226 1684 pares
257 1633 338 1664 nee
370 1619 518 1664 minus
537 1613 734 1664 efficaces
757 1616 826 1664 vel
847 1618 1103 1664 inuenerint
1121 1616 1220 1683 ipsi,
1264 1619 1336 1667 vel
1370 1620 1497 1667 inue-

95 1685 193 1732 nire
208 1682 384 1752 poffint.

201 1803 276 1846 30.
307 1792 371 1835 At
389 1789 665 1836 Sacramenta
675 1785 780 1836 'non
799 1789 1026 1853 pertinent
1047 1787 1099 1836 ad
1121 1805 1308 1855 corpus,
1348 1787 1423 1836 sed
1442 1788 1498 1838 ad

98 1856 309 1903 animum·
381 1859 500 1917 Ergo
531 1857 644 1903 nihil
671 1859 833 1905 attinet
852 1874 929 1904 ore
949 1857 1058 1904 sumi
1077 1874 1240 1923 corpus
1262 1868 1307 1905 et
1326 1857 1496 1920 sangui-

95 1939 205 1970 nem
224 1918 402 1980 christi,
434 1923 506 1970 sed
525 1923 618 1971 solo
635 1926 784 1971 animo
804 1927 973 1989 percipi
996 1923 1178 1975 debent.
1246 1928 1436 1990 Vtique,
1464 1923 1498 1973 fi

97 1990 262 2039 filmtio
279 2007 352 2045 ea,
394 2005 517 2054 quae‘
527 1989 578 2036 fit
599 2008 696 2046 ore,
722 1993 847 2039 'nihil
870 1993 1012 2039 valere
1033 1992 1085 2039 ad
1107 1995 1241 2041 animi
1260 1994 1497 2046 Vtilitatem

96 2056 265 2124 potest,
311 2055 408 2113 sed,
462 2074 577 2121 quae
616 2075 695 2106 ore
733 2061 1059 2124 percipiuntur,
1111 2071 1286 2108 tantum
1314 2063 1497 2125 corpori

98 2125 260 2173 alendo
278 2122 484 2190 prodeffe
503 2123 693 2189 potsunt.
770 2127 855 2174 sed
875 2127 918 2174 id
938 2127 1060 2187 secus
1082 2126 1155 2173 est.
1226 2131 1285 2174 Et
1306 2129 1497 2190 intelligi

94 2191 264 2259 potest,
305 2191 536 2255 quomodo
551 2195 708 2241 animo
727 2193 928 2258 prodesse
946 2194 1205 2242 mirabiliter
1235 2196 1308 2242 illa
1331 2195 1496 2243 sumtio

94 2259 253 2324 poffit,
297 2270 347 2306 vt
376 2259 504 2323 supra
533 2257 615 2316 est,
656 2262 695 2324 §
724 2277 795 2322 ²5·
827 2268 906 2310 26.
935 2261 1293 2309 demonstratum.
1387 2267 1494 2311 Nec

36 2372 41 2374 ,
95 2327 316 2374 humanae
355 2327 592 2391 sapientiae
629 2326 712 2385 est,
768 2328 969 2386 definire,
1022 2329 1251 2394 quomodo
1295 2328 1493 2379 Christus

42 2427 58 2430 ·
95 2393 259 2442 debeat
284 2396 439 2440 animis
467 2392 667 2442 fidelium
700 2395 978 2452 succurrere3
1020 2413 1103 2442 nec
1131 2396 1197 2442 fas
1231 2394 1293 2443 est
1314 2414 1492 2460 negare,

64 2461 253 2519 Vsshristi
263 2478 414 2508 curam
496 2462 630 2509 elium
649 2462 772 2526 poss‘e
789 2465 862 2510 tali
874 2463 1012 2510 modo
1032 2462 1318 2512 imbecillitati
1336 2465 1491 2520 huma,-

95 2544 180 2577 nae
199 2545 334 2594 opem
355 2528 423 2575 fer
480 2563 492 2583 ‚
522 2540 598 2576 aut
618 2546 712 2576 eam
730 2532 792 2576 ita
809 2530 1184 2589 circumscribere,
1212 2544 1260 2580 vt
1278 2537 1370 2579 non
1390 2535 1491 2598 pos-

97 2593 149 2642 fit
180 2597 226 2643 id
252 2596 396 2643 facere
425 2598 560 2643 etiam
589 2596 727 2643 modo
754 2599 944 2662 quodam
972 2602 1157 2662 proprio
1186 2610 1232 2646 et
1264 2603 1491 2666 peculiari.

98 2663 213 2728 Non
230 2662 526 2718 neceffitatem
554 2663 796 2716 absolutam
821 2667 928 2736 talis.
945 2669 1012 2715 rei
1032 2665 1332 2729 defendimus,
1377 2687 1488 2733 quae

1302 2754 1486 2785 ommno
