1650 3060
141 119 775 184 &tuive-comendam
797 141 933 172 nvm-
953 124 1168 172 assunt.
1189 121 1353 172 nv'n‘r.
1400 124 1510 187 619
1548 170 1618 211 t·

23 239 54 294 '3⁴
91 242 443 308 tum,··omnem
469 259 670 296 veterem
698 251 961 295 memoriam
989 258 1222 312 repetens,
1260 245 1504 311 potuissem
1551 252 1553 255 ’

44 311 45 314 “
92 319 315 374 insanire,
341 315 622 364 tradidissent
645 334 817 380 eosque
838 315 922 363 effe
943 317 1071 369 solos,
1101 317 1176 379 qui
1195 318 1239 362 in
1260 315 1370 362 boni
1391 315 1517 363 sume

90 385 276 446 missede
297 401 394 432 rem
411 383 635 432 ‚eiusmodi
657 383 958 448 reposuissent,
970 401 1058 447 qua
1078 384 1333 444 intelligens
1350 394 1398 429 et
1417 385 1517 443 im·-

92 454 295 502 amalis
314 463 481 510 natura,
517 470 620 500 eum
653 453 822 498 summa
854 453 1100 516 voluptate,
1133 469 1215 515 per
1242 450 1411 498 infinita
1437 451 1503 497 se·

93 522 203 576 culm
233 518 325 569 fine
355 521 445 567 vilo
477 525 570 568 eius
589 519 844 583 perdendae
872 521 1087 584 periculo,
1119 531 1165 565 et
1182 518 1276 565 fine
1294 520 1518 572 satietate,:

91 589 269 656 perfrui
293 586 447 653 poss'et.
496 592 561 636 *Ia
583 589 711 634 locus
741 599 835 634 erat
861 589 1124 636 memoriter
1152 586 1417 651 depromtus
1447 602 1516 632 exn

62 676 65 678 ’
92 646 480 704 commentariolis
514 654 686 711 nostrie
719 657 763 700 in
797 654 956 719 quibus
982 657 1192 719 quasdam
1214 655 1516 719 disputatiunv.

92 725 239 781 ‹²11⁸ss
262 724 336 772 sed
363 723 591 771 inchoatas
622 728 693 770 eas
725 722 871 769 adhuc
899 735 945 782 et
962 723 1104 779 rudes,
1143 723 1371 778 habemus,
1405 724 1502 784 qui-

89 791 175 840 bus
196 796 259 839 im
295 794 490 845 ietatem‚
513 809 618 838 cum
640 793 845 837 omnium
865 808 1035 846 eorum,
1056 794 1136 854 qui
1154 808 1354 845 omnem,
1374 799 1519 853 prae--

90 869 164 908 tet
181 810 730 919 integi-alemjeligionem
752 860 936 917 tollunt,
967 869 1067 905 tum
1090 860 1135 903 in
1158 861 1311 922 primis
1331 862 1377 904 T
1379 856 1511 904 inda-·

88 928 157 984 liis,
188 927 406 976 ‘hominis
450 926 692 974 acutissime
734 929 880 991 impii,
931 926 1189 973 conuellere
1239 928 1517 986 cogitamus..

88 996 232 1050 Nam,
262 1013 365 1042 oum
387 997 560 1060 primae
579 993 897 1058 disputationes
918 996 1147 1040 versentur
1167 996 1211 1040 in
1231 1011 1301 1049 eo,
1331 1004 1393 1050 vt,
1414 1010 1520 1057 qut·

88 1065 269 1110 ratione
294 1065 497 1129 plerique
525 1065 573 1109 in
600 1064 691 1109 hoc
716 1064 954 1125 impietatis
987 1078 1154 1121 genere
1182 1060 1517 1110 conuincendo·

90 1138 288 1186 vtan’tur,
323 1147 420 1178 eam
446 1131 557 1178 mihi
585 1146 679 1178 non
710 1131 808 1176 satis
829 1127 1008 1194 probati
1027 1129 1229 1186 doceam,
1264 1127 1519 1178 necessario·

91 1200 227 1246 et'nm
251 1201 509 1255 attinzenda
540 1198 691 1246 fuitea
719 1199 841 1253 ratio,
878 1214 991 1262 quae
1019 1214 1075 1244 ex
1105 1197 1284 1245 historia
1303 1198 1503 1263 phiio'so-

87 1265 221 1331 phiec
237 1266 471 1325 arcessitur,
501 1283 606 1313 eum
629 1269 686 1312 ita
706 1266 937 1330 disputant,
957 1267 1096 1314 multa
1115 1263 1202 1313 effe
1221 1265 1278 1313 de
1297 1264 1522 1315 moribus·

90 1348 118 1379 2
137 1333 264 1382 sacris
283 1333 571 1398 scriptoribus
594 1333 745 1380 diuine
765 1346 1017 1399 praecepta„
1049 1345 1260 1399 tanquam
1283 1333 1340 1381 de
1356 1335 1518 1381 inimi·.

91 1402 157 1447 cis
175 1402 387 1457 amandis,
408 1419 520 1467 quae
539 1402 764 1449 veteribus
787 1403 1066 1465 philosophis
1089 1404 1271 1463 cognita
1290 1419 1384 1448 non
1405 1401 1518 1448 fuis·-

88 1467 199 1515 sent
264 1472 402 1533 Atqui
422 1472 554 1518 certis
574 1468 834 1517 testimoniis
864 1488 939 1517 me
958 1470 1147 1517 sciebam
1165 1468 1288 1535 poffe
1317 1469 1501 1517 demon-

88 1536 234 1594 strare,
251 1539 360 1585 nihil
378 1535 465 1584 effe
486 1556 538 1584 ex
556 1555 626 1596 eo,
648 1538 704 1583 de
727 1555 819 1601 quo
842 1537 1035 1593 tradunt,
1063 1555 1241 1599 genere,
1262 1537 1386 1602 quod
1406 1553 1503 1583 non

89 1614 139 1651 et
158 1606 205 1651 in
225 1618 432 1653 veterum
454 1605 1102 1671 philosophorum'praeceptis
1122 1608 1379 1671 reperiatur.
1414 1602 1520 1652 Sed-

88 1671 213 1720 idem
232 1677 372 1720 etiam
402 1672 620 1727 videbam,
658 1671 746 1720 effe
773 1675 866 1730 alia,
898 1685 946 1722 et
974 1692 1026 1721 ex
1054 1673 1213 1722 eodem
1245 1673 1300 1720 de
1319 1689 1518 1720 morum>

86 1743 357 1807 praeceptis,
392 1753 440 1788 et
457 1758 511 1787 ex
539 1740 714 1788 diuerso
734 1758 911 1801 genere,
938 1740 969 1788 {i
987 1744 1086 1807 quis
1112 1743 1198 1789 hac
1216 1744 1387 1789 ratione
1416 1741 1504 1788 vel-

87 1807 154 1854 let
172 1811 250 1863 νῆ’,
286 1826 400 1872 quae
427 1828 451 1856 a
477 1820 685 1855 veterum
714 1810 1091 1875 philosophorum
1118 1810 1413 1870 intelligentia
1432 1807 1506 1856 ab-

88 1873 283 1932 fuifl'ent,
318 1892 422 1921 cum
443 1891 568 1922 nunc
588 1877 634 1922 in
656 1877 781 1923 sacris
801 1878 926 1925 libris
947 1877 1107 1924 tradita
1125 1888 1374 1924 teneamus.
1416 1882 1499 1924 At-

87 1958 181 2006 que
201 1944 248 1989 in
270 1942 340 1988 his
361 1954 457 1990 erat
477 1945 613 1989 etiam
642 1943 751 1988 illud
773 1943 829 1989 de
858 1945 1030 1991 summo
1048 1943 1190 1999 bono,
1217 1947 1262 1990 in
1283 1961 1377 2007 quo
1398 1944 1503 1992 loco

89 2026 194 2056 cum
225 2014 429 2057 omnium
459 2009 796 2074 propemodum
821 2021 1023 2058 veterum
1057 2012 1431 2076 philosophorum
1454 2022 1504 2058 et

90 2078 325 2138 ingenium
346 2089 392 2125 et
412 2079 555 2125 oratio
578 2080 765 2124 maxime
783 2080 1014 2126 consumta
1033 2078 1243 2135 {it‚⁷nemo
1266 2090 1417 2126 tamen
1436 2096 1505 2127 re·

90 2157 247 2206 pertus
269 2144 342 2201 est,
373 2147 450 2207 qui
471 2162 628 2192 verum
646 2145 698 2191 ad
718 2145 857 2193 finem
878 2146 1102 2194 bonorum
1134 2147 1303 2194 aditum
1325 2147 1505 2194 muniis-

89 2211 166 2259 set.
234 2215 297 2259 Ex
315 2212 475 2259 eodem
496 2229 660 2273 genere
679 2211 1154 2278 disputatiuncularum
1174 2213 1418 2262 nostrarum
1441 2211 1504 2261 est

91 2281 224 2327 etiam
255 2298 318 2335 ea,
348 2298 435 2343 qua
467 2279 762 2336 ostendimus,
796 2282 918 2345 quod
948 2283 1079 2328 multi
1110 2282 1153 2328 se
1183 2293 1346 2346 putent
1374 2299 1506 2344 argu·

90 2349 259 2394 mentis
280 2365 333 2394 ex
354 2348 553 2395 humano
577 2349 763 2408 ingenio
785 2352 986 2412 repetitis
1016 2349 1315 2397 neceffitatem
1337 2352 1506 2397 reuela-

91 2417 230 2461 tionis
265 2416 450 2462 alicuius
478 2415 665 2471 diuinae,
695 2426 743 2461 vt
773 2417 1125 2477 Theologorum
1158 2417 1296 2464 verbo
1317 2429 1505 2475 Vtamur,

0 2510 10 2570 ιγ
93 2480 390 2529 demonstrare
422 2481 558 2546 poss'e,
593 2482 637 2528 id
666 2482 802 2543 longe
824 2501 848 2530 a
868 2502 974 2531 vero
992 2485 1183 2532 alienum
1215 2485 1503 2533 iudicandum

0 2571 2 2615 ᾗ
90 2546 189 2596 effe.
229 2562 233 2565 ’
258 2555 409 2613 Atque
432 2551 564 2598 huius
588 2550 892 2613 disputationis
914 2553 1128 2599 summam
1147 2551 1267 2609 Tibi,
1290 2555 1370 2600 Vir
1389 2554 1513 2600 sum·-

0 2618 10 2636 ''
91 2632 169 2664 me
193 2615 480 2676 Reuerende‚
523 2617 600 2666 hie
631 2616 828 2667 breuiter
858 2619 1169 2686 exponendam
1197 2618 1351 2669 statui:
1393 2637 1505 2676 non,

1381 2687 1504 2754 quod
