1682 3068
227 122 297 196 96
432 198 433 203 1
843 104 1069 185 ‘Ait-tl

222 263 302 303 aut
321 251 607 319 γονυκλισ-ίοιν
627 253 680 301 ad
702 254 1004 307 adorationem
1024 257 1189 308 hostiae
1210 263 1423 320 referant,
1453 267 1501 315 in
1521 277 1632 317 vtra-

218 335 311 390 Jque
345 323 400 369 de
421 322 504 368 hac
523 339 571 368 re
591 322 884 387 disputatione
903 329 958 373 T.
982 329 1015 375 Ι.
1042 345 1084 392 p.
1109 334 1217 390 269.
1238 342 1284 378 et
1304 336 1358 379 Τ.
1380 337 1431 381 11.
1452 351 1480 398 p
1520 353 1544 382 2
1558 352 1628 393 ¹4·

218 394 255 440 is
287 393 423 451 igitur
463 390 639 438 nullum
677 393 722 439 in
762 391 860 457 ipsis
903 395 1111 457 Liturgiis
1159 400 1354 461 antiquis
1394 411 1626 466 repertum

218 461 369 507 locum
389 457 647 522 proposuit,
678 474 704 506 e
723 475 811 525 quo
832 461 1028 509 adoratio
1051 465 1393 526 intelligeretur:
1434 469 1504 516 sed
1525 470 1627 518 alio·

218 539 320 575 rum
343 525 397 572 de
420 525 574 573 ritibus
595 525 860 593 scriptorum
882 528 1144 578 testimoniis
1169 533 1262 580 vsus
1283 534 1364 591 est,
1387 533 1441 581 de
1463 536 1623 599 quibus

217 592 363 642 statim
384 592 644 640 videbimus.
720 601 780 643 At
801 598 948 644 multo
973 599 1192 646 oculatior
1221 600 1308 648 fuit
1339 605 1622 652 Muratorius.

217 665 343 710 Nam
372 677 398 707 e
427 663 622 723 Liturgia
649 662 865 726 Syrorum
896 681 967 716 ea,
1018 683 1127 729 quae
1158 668 1371 735 Gregorio
1400 669 1624 728 tribuitur.

216 729 394 796 profert
421 730 571 776 locum
599 746 725 788 eum,
767 731 839 779 vbi
868 730 967 796 post
996 735 1374 783 consecrationem
1395 740 1622 787 Diaconus

217 798 399 845 clamat:
431 797 625 845 Adorate
645 799 825 863 Agrium,
849 799 1026 847 Verbum
1038 811 1110 849 cet.
1129 813 1174 848 et
1194 802 1334 851 addit:
1362 806 1424 851 nil
1444 807 1620 863 referre,

217 876 369 914 vtrum
387 860 552 921 statim,
596 865 649 911 ab
677 867 1030 922 consecratione,
1077 870 1100 914 i.
1122 886 1157 915 e.
1179 870 1322 918 verbis
1343 873 1416 919 hoc
1443 875 1499 937 est
1527 892 1619 924 cor·
1656 923 1660 926 ,

206 951 293 1000 pus
322 945 450 980 meum
471 932 668 979 adoratio
690 932 785 990 fiat,
818 945 864 982 vt
883 949 906 981 a·
927 937 1160 994 Romanis,
1194 955 1249 984 an
1267 950 1368 987 ante
1395 943 1619 1002 κοινωνίαν,
1652 971 1654 974 >

211 1013 262 1049 vt
299 999 416 1065 apud
454 1002 676 1049 Graecos:
731 1002 827 1049 satis
866 1000 971 1058 esse,
1019 1002 1325 1055 adorationem
1369 1008 1618 1075 vsurpatam

209 1065 345 1118 fuisse.
443 1071 640 1116 Primum
662 1070 855 1117 multum
877 1069 1054 1117 interest
1083 1071 1136 1118 ad
1166 1073 1467 1138 quaestionem
1502 1095 1617 1136 eam,

204 1141 341 1204 *quani
363 1135 489 1201 supra
515 1137 765 1202 posuimus:
805 1137 988 1194 deinde,
1026 1142 1123 1204 quis
1145 1153 1304 1203 neget,
1338 1142 1614 1192 adorandum
1651 1197 1656 1200 ,

209 1203 295 1253 effe
314 1208 340 1252 1.
364 1207 410 1252 C.
432 1207 557 1252 cuius
581 1221 746 1270 corpus
775 1214 821 1252 et
838 1205 1012 1267 sanguis
1036 1207 1233 1256 sumitur.
1311 1214 1455 1258 Immo
1486 1213 1614 1260 omni
1655 1237 1658 1240 ⁴

205 1282 416 1338 tempore
437 1270 499 1319 est
526 1271 770 1320 adorandus
792 1275 863 1338 pia
882 1284 1063 1330 mente,
1105 1276 1273 1324 nedum
1300 1295 1357 1324 eo
1390 1287 1614 1342 tempore,
1656 1287 1661 1295 ’·

205 1357 298 1407 quo
321 1351 412 1388 tam
435 1338 553 1388 arste
576 1339 813 1387 nobiscum
833 1343 1133 1402 coniungitur.
1210 1343 1297 1390 Sed
1325 1344 1418 1409 ipse
1446 1345 1612 1393 sensisse

203 1408 379 1458 'videtur
424 1407 772 1456 imbecillitatem
824 1407 957 1454 huius
1005 1406 1260 1457 testimonii.
1363 1414 1517 1473 Itaque
1566 1413 1611 1462 se
1662 1407 1663 1410 Ἴ

205 1486 397 1541 repente
424 1493 448 1523 a
473 1476 683 1536 Liturgiis
704 1474 913 1522 transfert
931 1473 982 1522 ad
1004 1476 1270 1541 scriptorum
1292 1479 1611 1528 Ecclesiastico-

158 1563 163 1569 ·
205 1561 317 1593 rum*
340 1544 519 1601 auxilia,
566 1542 725 1608 quibus
757 1553 803 1590 et
830 1553 953 1600 ante,
991 1545 1037 1590 in
1064 1543 1150 1591 hac
1178 1546 1268 1610 ipsa
1297 1547 1606 1611 disputatione,
1660 1586 1663 1587 γ

203 1610 304 1659 'vsus
328 1621 431 1658 erat.

240 1724 244 1726 ,
303 1678 389 1726 Sed
408 1680 573 1726 horum
592 1677 877 1742 scriptorum,
907 1680 983 1741 qui
1006 1688 1052 1725 et
1069 1677 1122 1727 ab
1146 1681 1389 1728 Mur-utorio
1409 1691 1456 1729 et
1477 1701 1502 1729 a
1519 1685 1603 1731 Rc·
1664 1727 1682 1734 ,,

202 1749 389 1796 naldotio
416 1745 657 1795 testimonii
682 1743 822 1792 caussa
850 1758 1283 1805 commemorantur,
1325 1765 1420 1796 non
1448 1749 1603 1799 eadem
1665 1743 1682 1862 ἱ

200 1817 312 1864 ratio
334 1812 407 1862 est.
486 1813 682 1871 Quidam
701 1812 797 1860 sunt
815 1813 1107 1877 antiquioreS,
1149 1813 1222 1862 sed
1243 1817 1325 1874 ita,
1353 1827 1401 1863 vt
1422 1818 1600 1865 inferio·
1678 1868 1682 1875 ,

198 1898 271 1933 res
299 1885 435 1931 tertio
465 1892 714 1948 quartoque
740 1881 888 1928 seculo
918 1878 1003 1928 fint
1035 1899 1218 1937 omnes3
1266 1882 1444 1948 quidam
1473 1886 1600 1932 valde

197 1962 427 2006 recentes,
474 1967 499 1997 e
531 1949 686 1997 seculis
715 1950 852 1996 multa
880 1949 964 1996 iam
994 1948 1190 1997 barbarie
1216 1961 1262 1997 et
1289 1949 1597 2014 superstitione

197 2013 460 2084 inquinatis,
501 2028 546 2065 et
576 2018 695 2064 mole
715 2021 1097 2065 caeremoniarum
1124 2035 1344 2066 nouarum
1375 2019 1598 2085 oppressis.

197 2091 314 2142 Iam,
358 2089 432 2151 qui
464 2104 514 2133 ex
543 2086 610 2148 his
629 2085 997 2132 consuetudinem
1028 2087 1231 2150 antiquae
1250 2096 1296 2132 et
1314 2088 1595 2151 incorruptae
1658 2112 1659 2115 ¹

197 2153 417 2202 Ecclesiae
440 2153 709 2215 cognoscere
729 2155 853 2207 velit,
894 2156 932 2200 is
960 2155 1076 2201 idern
1107 2154 1255 2210 faciat,
1295 2171 1346 2200 ac
1370 2153 1400 2201 fi
1434 2157 1596 2204 e‘Ceri-

193 2226 362 2272 moniali
383 2222 665 2282 Constantini,
710 2221 831 2286 quod
853 2239 996 2286 nuper
1024 2224 1069 2268 in
1090 2223 1171 2268 hac
1189 2213 1299 2270 vi-be
1328 2222 1496 2271 editum
1520 2220 1594 2278 est,

195 2292 360 2338 discere
379 2291 482 2337 velit
501 2293 610 2337 ritus
631 2291 753 2337 aulae
773 2294 1017 2344 Romanae,
1049 2292 1122 2354 qui
1143 2290 1218 2337 sub
1239 2289 1428 2354 Augusto
1451 2307 1500 2335 ac
1525 2294 1594 2335 Ti-

193 2364 304 2407 herio
326 2359 457 2405 fuere.
555 2360 689 2404 Tales
709 2370 857 2404 autem
880 2358 979 2404 sunt
998 2358 1305 2405 Renaldotiani
1322 2373 1503 2412 omnes,
1543 2366 1591 2404 et

193 2446 220 2474 e
238 2429 578 2475 Muratorianis,
615 2428 850 2474 Tt'zeodorus
874 2427 1079 2480 studites,
1111 2429 1149 2473 S.
1173 2428 1402 2479 Maximus.
1422 2425 1589 2488 Pseudo

190 2495 389 2559 Dionysti
425 2494 710 2551 Scholiastes,
764 2496 901 2541 Lucas
938 2497 1102 2547 Iuni-or,
1154 2495 1377 2550 homines,
1422 2489 1590 2538 etiamsi

188 2561 431 2628 planissime
455 2561 620 2618 dicant,
654 2562 774 2624 quod
793 2562 1021 2622 iubentur,
1065 2564 1189 2609 nullo
1212 2561 1347 2608 modo
1370 2559 1586 2607 audiendi.
1668 2575 1682 2644 Ξ

1667 2651 1682 2683 ,1

189 2628 275 2677 Sed
296 2644 382 2676 nec
403 2628 473 2685 hi,
511 2646 595 2676 nec
626 2631 967 2695 locupletiores,
1007 2630 1268 2695 Amorostus‚
1313 2628 1586 2743 A²‘g7²⁴-7¹¹4i”¹⁴s²

1467 2700 1582 2743 eodo·
