1682 3068
182 139 280 198 318
629 143 705 174 nr.
740 144 1130 177 insontum&

180 260 301 306 inter
319 266 497 318 preces;
530 248 676 297 donec
685 266 786 298 eum
802 247 1065 301 descendisse
1081 256 1127 300 in
1148 256 1358 315 animum,
1378 269 1455 308 aut
1473 275 1582 309 con·
1660 282 1665 291 ·

180 324 472 373 firmatiorem
498 315 662 366 fastum
692 317 1091 368 animaduertimus.
1194 327 1243 370 ln
1264 340 1358 388 quo
1379 329 1584 390 proderit
1671 323 1679 341 ”

181 394 314 440 etiam
335 389 461 442 scire,
500 388 576 450 qui
595 386 737 434 sensus
763 390 954 434 maxime
973 388 1101 436 nobis
1132 388 1213 437 fint
1233 391 1452 440 necessarii
1480 412 1582 459 pro-

178 471 282 527 pter
302 471 441 518 genus
462 456 578 501 vitae
594 465 642 501 et
667 453 893 512 fortunae,
932 467 1008 503 aut
1036 469 1223 522 propter
1251 460 1440 524 aliquam
1477 478 1584 510 eon-

179 525 462 576 suetudinem
484 535 667 586 prauam
685 523 798 570 vitae
817 521 1049 587 superioris
1065 560 1075 579 ,
1119 527 1419 592 reliquiasque
1435 529 1582 577 sensus

179 594 361 643 alieuius
383 589 588 646 carnalis,
632 588 687 636 ad
707 588 989 638 resistendum
1011 591 1167 638 oblatis
1196 594 1299 640 inde
1320 595 1584 644 sollicitatio·

178 661 310 712 nibus
330 659 382 707 ad
402 657 699 723 peccandum,
739 668 785 704 et
804 657 856 704 ad
879 670 1057 721 promte
1079 659 1331 708 faciendum
1368 661 1582 712 officium.

177 727 294 779 Illud
312 729 451 788 etiam*
469 723 638 772 salubre
665 722 798 771 fuerit
825 724 1097 782 institutum,
1140 745 1243 775 cum
1273 730 1421 795 aliquo
1459 732 1584 779 sensu

178 798 258 846 tali
279 813 365 843 nos
383 791 523 840 taaos
543 789 676 857 atque
704 803 854 840 motos
874 794 1335 855 animaduerterimus,
1375 800 1493 846 inter
1512 800 1583 846 vel

176 861 450 928 legendum,
480 859 864 917 velwaudiendum,
906 862 978 907 vel
1008 864 1140 909 etiam
1170 865 1458 926 cogitandum
1489 884 1584 914 ver-

174 934 294 982 bum,
313 930 417 984 Dei,
453 930 549 976 eius
569 943 663 975 non
683 928 822 975 modo
847 939 1019 983 motus,
1061 929 1134 976 sed
1155 933 1310 990 etiam,
1351 950 1432 996 per
1459 932 1582 998 quod

174 1002 251 1048 ‚ille
283 998 416 1046 nobis
444 994 676 1062 impressus
695 994 780 1052 est,
823 993 1092 1056 meminisse,
1133 1001 1316 1063 eiusque
1344 1004 1581 1062 cogitatio-

175 1085 283 1116 nem
312 1081 534 1113 renouare
558 1063 729 1110 idoneis
758 1062 1060 1128 temporibus,
1112 1066 1362 1129 praesertim
1388 1071 1434 1115 in
1465 1080 1580 1117 tran·
1659 1122 1662 1124 ,

175 1135 390 1203 quillitate
411 1131 680 1189 solitudinis,
710 1128 874 1186 noEtis,
915 1131 961 1177 in
981 1130 1125 1178 cubili.
1170 1135 1246 1199 Ps
1266 1133 1354 1191 IV,
1375 1153 1413 1194 5.
1495 1136 1581 1183 Sed

173 1204 286 1261 nihil
307 1216 449 1266 prope
471 1202 607 1260 magis
628 1196 854 1262 profuerit
869 1198 929 1244 ad·
952 1199 1200 1246 acuendum
1221 1202 1387 1250 sensum
1424 1221 1581 1267 quem·

173 1267 357 1334 eunque
373 1279 418 1315 et
440 1266 731 1321 firmandum,
775 1283 864 1330 quo
890 1265 1021 1313 nobis
1040 1270 1242 1331 inprimis
1261 1284 1376 1332 opus
1396 1270 1459 1316 est
1476 1289 1582 1319 con·

172 1339 370 1394 firmato,
398 1353 530 1400 quam
552 1337 595 1380 in
614 1334 819 1398 precibus
840 1335 1020 1398 priuatis
1039 1334 1283 1383 meminisse
1303 1337 1582 1386 illius‘neces-

173 1407 326 1462 fitatis,
363 1414 410 1451 et
427 1404 633 1451 auxilium
655 1401 708 1449 ad
729 1419 826 1448 eam
846 1418 941 1449 rem
962 1402 1166 1450 diuinum
1188 1405 1433 1470 exposcere.
1502 1408 1582 1456 1112

172 1475 263 1541 ipsa
279 1472 479 1534 religiosa
495 1469 755 1518 necessitatis
777 1467 948 1517 nostrae
970 1475 1184 1532 cogitatio
1198 1510 1208 1530 ,
1251 1483 1297 1519 et
1314 1471 1508 1522 sanEtum
1532 1478 1579 1523 in

173 1561 222 1590 ea
243 1542 390 1590 auxilii
411 1538 688 1594 desiderium,
719 1537 771 1586 ad
793 1555 888 1585 eam
906 1555 1003 1585 rem
1031 1539 1189 1586 valebit
1210 1540 1468 1604 plurimum.

189 1627 213 1650 m
273 1626 350 1668 23.
397 1612 639 1656 Caeterum
675 1607 766 1654 hoc
795 1617 944 1652 totum
974 1623 1089 1671 opus
1110 1608 1359 1671 disciplinae
1379 1607 1578 1657 Christis·
1655 1607 1670 1618 ²

170 1695 267 1735 nae,
283 1676 406 1740 quod
419 1673 481 1720 est
501 1678 544 1721 in
566 1673 704 1721 modo
723 1671 1076 1720 assumendorum
1098 1673 1294 1721 sensuum
1317 1674 1578 1733 sanssorum,

169 1750 230 1794 ita
249 1743 312 1791 est
330 1763 354 1790 a
373 1733 504 1789 nobis
528 1742 792 1806 explicatum
805 1774 817 1794 ,
849 1751 898 1787 vt
918 1739 961 1786 id
981 1740 1133 1806 suscipi
1156 1751 1290 1806 atque
1309 1741 1402 1790 fieri
1417 1746 1579 1793 aChri-

170 1813 310 1862 stiano
340 1812 528 1859 homine
557 1810 691 1855 debet
720 1809 839 1873 ips0,
885 1807 939 1854 ad
965 1825 1112 1856 veram
1143 1807 1413 1858 sanstitatem
1443 1813 1578 1878 adspi-

173 1892 312 1930 rante.
406 1877 492 1926 Sed
513 1875 665 1924 assumi
689 1876 832 1923 sensus
851 1877 913 1923 illi
934 1878 1067 1924 etiam
1090 1875 1272 1942 possunt
1291 1895 1371 1942 per
1389 1877 1576 1944 discipli-

171 1966 275 1998 nam
306 1947 516 2000 afienam,
562 1958 822 2010 parentum,
863 1956 1233 2010 praeceptorum,
1285 1958 1332 1993 et
1358 1946 1576 1996 Ecclesiae

172 2016 423 2067 dostorum.
491 2017 643 2078 Itaque
664 2016 795 2060 etiam
818 2015 864 2059 in
887 2012 1003 2060 hanc
1022 2024 1194 2077 partem
1218 2012 1381 2078 aliquid
1402 2015 1578 2064 videtur

173 2083 430 2132 dicendum.
485 2078 689 2129 Professo
711 2082 820 2127 haec
839 2098 938 2145 pars
958 2082 1211 2146 disciplinae
1229 2082 1272 2126 in
1293 2082 1411 2129 nulla
1429 2095 1575 2132 aetate

170 2153 340 2202 facilius
361 2161 408 2197 et
425 2148 643 2197 efficacius
663 2148 921 2204 adhibetur,
966 2166 1098 2213 quam
1126 2152 1172 2196 in
1200 2160 1352 2196 tenera
1370 2154 1573 2215 pueritia,

172 2237 278 2268 cum
298 2220 434 2266 animi
454 2218 654 2265 nondum
673 2217 832 2264 imbuti
851 2217 949 2263 sunt
966 2219 1015 2263 iis
1041 2215 1326 2282 opinionibus
1347 2227 1395 2264 et
1406 2219 1575 2285 cupidi·

170 2288 356 2342 tatibus,
395 2303 510 2351 quae
529 2285 630 2332 sunt
652 2284 850 2332 aduersae
878 2284 1064 2332 sensibus
1096 2287 1176 2351 piis
1203 2297 1336 2349 atque
1363 2285 1580 2344 honestis,

170 2357 473 2418 hominesque
502 2354 750 2417 impediunt
776 2357 822 2400 in
851 2354 901 2399 iis
931 2353 1199 2417 recipiendis
1227 2364 1274 2400 et
1299 2353 1572 2412 adamandis;

169 2440 259 2470 nee
276 2423 360 2470 vlla
381 2422 462 2468 alia
482 2439 529 2468 re
552 2419 768 2468 difficilior
787 2419 1008 2476 redditur,
1049 2437 1180 2484 quam
1210 2424 1406 2485 receptis
1432 2425 1478 2479 in
1498 2422 1571 2469 illa
1601 2456 1605 2459 ,
1664 2466 1682 2497 ί

171 2501 317 2537 aetate
336 2499 382 2535 et
401 2488 703 2537 corroboratis
731 2506 813 2554 per
844 2489 1010 2535 multos
1035 2506 1177 2536 annos
1203 2487 1398 2536 sensibus
1420 2492 1570 2555 prauis

170 2568 217 2605 et
236 2556 496 2604 carnalibus.
547 2587 550 2590 -
594 2562 746 2605 Tanto
766 2559 902 2618 magis
921 2555 1161 2603 dolendum
1185 2554 1268 2612 est,
1309 2571 1406 2603 eam
1427 2557 1570 2604 valere

169 2627 392 2675 rationem
410 2627 455 2672 in
473 2624 708 2674 educandis
734 2626 882 2691 pueris
906 2623 1134 2689 plerisque
1153 2626 1272 2671 inter
1289 2620 1570 2681 Christianos,

1519 2702 1570 2741 Vt

197 2847 220 2873 Ο
