1682 3068
228 153 325 202 108
808 161 1037 197 Aur!

320 265 394 313 Est
414 276 564 316 autem
583 266 743 332 duplex
767 271 882 318 ratio
900 270 1082 322 istorum
1103 272 1308 323 locorum
1320 273 1621 340 interpretan-

225 333 399 382 dorum.
471 340 630 390 Prima,
652 355 761 400 quae
783 342 969 387 maxime
990 342 1098 387 mihi
1119 340 1300 396 arridet,
1329 351 1376 390 et
1396 346 1444 390 in
1465 344 1619 392 locum

222 404 450 462 Liturgiae
470 404 741 468 propositum
766 406 860 453 satis
879 410 1111 463 conuenit,
1132 408 1238 455 haec
1258 407 1340 463 est,
1360 421 1415 461 vt,
1426 408 1502 457 ista
1517 428 1618 476 pre·

222 481 372 516 cantes
401 470 596 519 fidelium
625 474 879 521 felicitatem
916 477 1042 522 laetis
1072 493 1121 522 ac
1150 479 1233 539 piis
1266 478 1492 525 ominibus
1512 495 1616 544 pro-

217 538 478 601 sequantur,
522 544 760 604 Deumque
788 556 974 599 rogent,
1016 553 1063 589 vt
1094 560 1190 590 eam
1220 541 1317 607 ipsis
1350 555 1530 606 augeat,
1569 556 1618 594 et

215 605 384 652 summa
397 623 496 653 cum
518 608 725 673 suauitate
746 611 830 657 frui
853 610 980 659 sinat:
1017 611 1137 675 quod
1158 612 1266 658 nihil
1290 611 1615 660 habetabsurdi.

127 680 132 682 “
206 678 366 736 Atque
395 691 480 733 ego
514 676 639 740 saepe
663 678 770 723 olim
793 678 960 733 audiui,
1001 679 1162 726 talibus
1193 677 1416 726 ominibus
1442 696 1495 726 ac
1514 696 1612 743 pre-

215 741 340 787 cibus
370 742 628 806 prosecutos
659 745 904 793 sacerdotes
933 748 1007 810 pie
1040 757 1246 794 mortuos
1275 749 1320 793 in
1344 745 1463 794 iustis
1483 747 1612 794 fune·

211 825 327 855 rum.
367 806 374 819 ‘
404 815 476 857 An
499 813 596 874 quis
619 811 810 866 dubitet7
840 831 942 868 eos,
974 816 1072 876 qui,
1102 825 1149 860 vt
1168 815 1260 860 hoc
1282 825 1394 870 vtar‚
1436 815 1482 860 in
1501 830 1612 878 >pace

210 885 257 922 et
279 878 370 923 otio
393 879 562 933 viuant,
595 892 744 936 tamen
767 885 914 927 Deum
937 897 1093 941 rogare
1112 879 1254 945 posse,
1275 892 1322 928 vt
1342 880 1417 928 fibi
1439 898 1612 945 pacem,

209 945 379 1002 otium,
416 948 772 1010 tranquillitatem
795 948 1024 1010 indulgeat
1044 966 1097 995 ac
1114 948 1338 1012 praestet?
1365 952 1410 998 Si
1427 952 1470 996 in
1484 966 1609 1013 prae·

147 1031 151 1034 “
193 1010 312 1057 Τουτὶ
335 1029 439 1076 pace
461 1018 518 1060 ita
542 1032 795 1075 precamur,
829 1026 963 1079 atque
985 1015 1118 1073 adeo,
1139 1027 1185 1062 vt
1206 1017 1283 1062 det
1303 1020 1609 1080 pacem-Deus,

203 1080 301 1142 quis
324 1097 406 1126 nos
426 1082 744 1145 reprehendat,
774 1083 851 1130 nisi
871 1083 974 1148 quid
995 1083 1126 1130 rideri
1151 1085 1294 1131 velit?
1327 1089 1495 1149 Neque
1514 1084 1606 1131 hoc

183 1148 396 1210 „alienum
419 1149 481 1196 est
502 1168 523 1196 a
544 1152 788 1199 Tertulliani
805 1153 929 1207 loco,
972 1150 1002 1197 si
1024 1151 1163 1198 modo
1192 1152 1444 1214 inspiciatur
1472 1149 1604 1200 reste.

197 1216 431 1267 Feminam,
464 1220 524 1263 ait
577 1236 664 1281 pro
684 1223 821 1267 anima
843 1223 998 1266 mortui
1016 1223 1162 1266 mariti.
1180 1236 1329 1274 orare,
1359 1219 1602 1284 etrqfrige-

196 1285 303 1328 rium
321 1287 357 1329 ei
374 1285 651 1346 adpostulare.
746 1288 827 1334 Sed
850 1285 995 1343 addit,
1038 1285 1161 1349 quod
1188 1303 1282 1332 non
1311 1288 1518 1350 omittere
1552 1288 1601 1333 in

196 1349 287 1395 hoc
318 1351 427 1398 loco.
461 1354 857 1400 commemorando
892 1352 1080 1400 debebat
1109 1356 1404 1412 Muratorius‚
1459 1352 1600 1413 addit,

193 1418 395 1480 inquam,
444 1430 485 1466 et
513 1423 554 1466 in
580 1424 720 1480 prima
753 1421 1054 1483 refitrreffione
1083 1423 1355 1485 consortium,
1401 1429 1441 1467 et
1470 1416 1598 1484 offert

193 1489 340 1531 annuis
362 1489 502 1534 diebus
520 1491 778 1536 dormitionis
795 1492 892 1535 eius.
970 1489 1107 1542 Dico,
1151 1506 1239 1552 qua
1265 1489 1439 1534 ratione
1456 1485 1598 1553 poste·

191 1553 281 1598 rius
305 1553 395 1599 hoc
416 1555 785 1615 intelligendum,
807 1555 1044 1618 adpostulat
1062 1561 1216 1602 marito
1235 1559 1276 1601 in
1284 1558 1434 1617 prima
1455 1556 1594 1617 restar-

189 1620 370 1667 reHione
398 1623 669 1684 confinium,
723 1622 876 1668 eadem
912 1633 958 1668 et
987 1624 1131 1685 priora
1161 1622 1233 1668 illa
1264 1621 1476 1686 capienda
1506 1619 1592 1670 effe

186 1686 244 1732 de
261 1690 407 1734 anima
430 1693 536 1735 eius.
606 1693 719 1745 Iam,
757 1706 988 1752 nunquam
1006 1700 1226 1754 putauere
1242 1700 1428 1743 veteres,
1451 1706 1592 1737 nemo

118 1767 122 1770 ’
186 1753 458 1802 Christianus
488 1773 681 1820 vnquam
721 1757 979 1812 somniauit,
1005 1755 1239 1820 ‘precibus
1276 1754 1437 1804 nostris
1471 1754 1588 1805 effici

182 1820 317 1886 posse,
340 1833 387 1869 vt
406 1825 559 1887 aliquis
580 1826 805 1890 particeps
826 1823 903 1871 fiat
919 1826 1087 1888 primae
1107 1823 1434 1871 resurreffionis
1447 1843 1459 1871 :.
1478 1841 1587 1871 con-

182 1890 510 1937 tratcredidere
537 1909 718 1949 omnes,
769 1892 842 1956 qui
874 1891 1061 1939 sanfiam
1091 1894 1224 1938 vitam
1253 1891 1305 1938 ad
1337 1902 1584 1941 extremum

182 1962 382 2019 egerint,
426 1977 527 2014 eos,
572 1963 610 2004 vi
636 1960 789 2006 mortis
810 1958 964 2006 Christi
985 1971 1031 2006 et
1058 1958 1357 2022 promissionis¹
1390 1960 1581 2017 diuinae,

154 2076 164 2083 ,,
177 2029 353 2091 primae
373 2027 488 2073 illius
519 2026 853 2074 resurrestionis
886 2028 1120 2090 participes
1141 2027 1254 2074 fore.
1355 2027 1580 2082 Quorsum

178 2110 289 2143 eruo
310 2093 557 2159 adpostulat
578 2096 733 2141 mulier
760 2097 920 2141 marito
955 2097 1027 2159 pie
1048 2106 1234 2141 mortuo
1253 2095 1422 2156 primae
1440 2095 1581 2142 resur-

176 2159 388 2210 restionis
413 2163 720 2209 consortium?
768 2167 952 2226 Nempe
970 2164 1134 2210 amoris
1154 2159 1408 2210 testificandi
1427 2161 1581 2220 caussa,

175 2238 224 2276 vt
245 2225 472 2277 mortuum
495 2229 713 2277 beneuola
733 2232 967 2285 memoria,
1015 2239 1059 2276 et
1084 2229 1335 2276 felicitatem
1363 2230 1456 2277 eius
1489 2231 1576 2292 piis

174 2296 401 2345 ominibus
422 2298 720 2362 prosequatur.
798 2303 905 2347 Hoc
926 2297 1103 2361 quid-em.
1124 2301 1185 2343 ita
1203 2295 1381 2346 euidens
1403 2293 1482 2352 est,
1527 2306 1575 2342 vt

171 2364 381 2427 profesto
401 2367 506 2412 nihil
531 2365 771 2412 commode
791 2376 944 2412 contra
974 2365 1059 2412 dici
1079 2363 1223 2428 pessit.
1257 2414 1267 2419 N
1297 2367 1451 2426 Itaque
1488 2364 1573 2411 cal-

170 2432 259 2478 lide
280 2433 423 2480 solent
442 2436 549 2481 haec
569 2434 698 2480 verba
721 2435 952 2489 omittere,
987 2450 1090 2479 cum
1112 2432 1334 2497 superiora
1354 2431 1425 2478 illa
1445 2447 1569 2477 com-

169 2498 452 2548 memorantj
508 2504 569 2547 Ex
591 2519 682 2566 quo
706 2499 914 2558 efficitur,
931 2511 982 2557 vt
1002 2503 1132 2547 etiam
1146 2536 1156 2555 ‚
1176 2516 1278 2546 cum
1296 2500 1567 2563 rcfirigerium

169 2570 329 2614 animae
348 2573 512 2616 mortui
525 2571 767 2635 expostulat,
780 2570 890 2616 nihil
905 2569 1020 2616 aliud
1039 2568 1184 2615 facere
1193 2567 1402 2620 videatur,
1415 2582 1565 2629 quam,

167 2633 290 2700 quod
320 2646 425 2682 ante
456 2638 563 2694 dixi,
604 2639 694 2685 hoc
722 2635 806 2695 est,
847 2637 972 2685 laetis
1001 2646 1047 2683 et
1082 2634 1312 2683 beneuolis
1342 2632 1564 2688 ominibus

1469 2700 1568 2748 feli·x
