1682 3068
28 237 64 299 ’Ψ
128 295 184 327 ex
201 279 419 341 Hittorpn'a'
431 285 475 324 et
490 278 653 324 Morini
671 273 887 328 comestis,
928 294 981 323 ex
999 293 1088 340 qua
1104 274 1157 322 fit
1186 272 1398 324 confeffio
1427 275 1532 323 Deo

32 353 55 394 2.
125 349 271 403 Patri,
315 346 411 394 Iesu
432 348 480 393 C.
501 355 548 391 et
567 345 750 407 Spiritui
771 341 951 400 Sanan,
997 361 1135 391 coram
1157 346 1200 391 S.
1222 346 1263 390 S.
1281 345 1458 408 Angelis
1486 352 1532 391 et

34 440 37 449 Δ
124 432 266 463 coram
282 417 466 462 omnibus
475 413 649 460 Sanbi‘is.
717 414 865 457 Miror
882 412 971 457 hoc
988 428 1124 459 vnum
1148 411 1402 475 exemplum
1421 427 1529 475 pro-

25 521 37 526 „
121 483 266 529 latum
287 478 394 534 effe,
420 477 556 542 idque
576 476 817 537 eiusmodi,
846 480 918 525 cui
939 478 1066 524 facile
1085 482 1246 542 reponi
1263 478 1395 543 poffit
1414 480 1527 526 hoc:

503 152 1151 203 xviia-rofixvs
1460 168 1531 215 99

123 549 246 596 aliud
256 546 345 596 effe
363 563 512 596 coram
531 544 696 594 Sanffis
716 556 763 593 et
783 546 966 607 Angelis
988 544 1212 602 confiteri,
1248 546 1371 610 quod
1387 551 1528 593 etiam

111 617 304 670 rPaullut
328 615 458 668 fecit,
501 613 619 662 aliud
641 615 823 675 Angelis
853 626 900 661 et
928 612 1131 660 Sanstis?
1185 630 1289 661 cum
1319 626 1366 660 et
1395 614 1527 679 plura

122 682 211 733 ssot
227 693 276 731 et
295 682 432 742 m‘agis
456 682 667 747 speciosa,
712 684 758 728 in
779 682 962 728 Libellis
985 681 1400 736 Poenitentialibus,
1436 681 1528 727 vel-

58 803 62 806 ,
113 754 188 802 vti
204 753 275 808 iis,
295 752 373 814 qui
391 752 559 799 Morini
577 751 701 814 operi
720 747 778 796 de
795 751 1108 796 Poenitentiae
1120 752 1404 796 Sacramento
1427 748 1528 795 sub-

118 816 244 875 bffi,
278 828 355 865 aut
370 820 416 864 in
439 820 592 883 Canq‘fii
610 814 897 864 Leffionibus
933 819 1007 875 (Τ.
1031 820 1081 862 Π.
1102 820 1146 862 Ρ.
1172 820 1240 875 Π.)
1275 817 1380 862 editi
1403 817 1525 862 sunt:

53 922 64 942 .
118 886 168 936 in
185 883 344 950 quibus
364 887 496 934 etiam
514 888 743 950 reperitur
759 885 948 932 formula
970 882 1225 931 confitentis
1250 890 1338 948 (ap.
1363 887 1528 933 Morin.

117 969 165 1021 p.
194 956 326 1012 176.)
361 954 460 1002 Deo
480 964 523 1001 et
545 954 838 1018 Sanffisfiais:
874 954 981 999 item
1002 953 1085 998 alia
1106 949 1362 998 confitentis
1382 970 1526 1000 coram

116 1022 220 1070 Deo
239 1023 282 1067 S.
307 1019 470 1085 Christo
487 1031 534 1068 et
552 1021 739 1069 SanHis:
777 1020 879 1068 ibid.
902 1038 935 1067 a.
955 1038 999 1085 p.
1026 1037 1096 1079 13.
1119 1038 1156 1067 a.
1257 1019 1343 1065 Sed
1376 1036 1433 1065 ne
1467 1018 1526 1065 sic

118 1087 307 1155 quidem
324 1088 486 1154 aliquid
505 1088 759 1154 profeciss‘et
777 1091 1062 1136 Muratorius.
1130 1091 1254 1134 Nam
1273 1098 1319 1134 et
1336 1088 1525 1150 antiqui-

118 1166 186 1205 ns
210 1155 466 1204 libellorum
494 1156 678 1204 istorum
709 1159 752 1204 in
780 1156 1102 1204 dubitationem
1122 1166 1310 1202 vocatur
1336 1173 1359 1201 a
1378 1153 1524 1202 dostis

109 1221 401 1280 hominibus,
442 1234 490 1271 vt
517 1226 872 1272 Morinianorum
902 1241 926 1270 a
948 1225 1165 1289 Bafhagio
1194 1225 1268 1281 (in
1298 1222 1436 1287 praef.
1469 1220 1525 1268 ad

118 1293 359 1356 Holitgarii
393 1290 588 1338 libellum
618 1296 754 1338 Poen.
787 1296 846 1339 T.
875 1295 924 1339 11.
965 1289 1084 1338 Lest.
1115 1290 1251 1338 Canis.
1281 1295 1326 1338 P.
1360 1293 1441 1351 11.)
1475 1301 1525 1337 et

110 1356 340 1424 posterior
374 1369 490 1404 aetas
526 1359 682 1422 paullo
719 1359 845 1405 aliter
880 1359 1198 1406 confeffionem
1234 1369 1525 1422 peccatorum

120 1424 245 1482 dixit,
267 1441 401 1489 quam
413 1428 614 1488 antiqua3
644 1443 758 1489 quae
778 1424 1010 1472 hebraicae
1020 1426 1355 1472 consuetudinis
1376 1437 1525 1480 tenax,

118 1492 554 1558 prodeprecatione,
573 1495 724 1540 veniae
745 1493 1049 1559 impetrandae
1069 1491 1223 1548 caussa,
1249 1492 1363 1539 dixit.
1398 1495 1527 1551 Nam

119 1558 309 1609 verbum
340 1573 466 1614 ῃἾῚΠ
494 1570 543 1606 vt
573 1564 814 1620 gratiarum
842 1559 1062 1608 astionem
1080 1559 1297 1621 fignificat
1327 1562 1371 1606 in
1401 1576 1528 1608 com·

117 1627 446 1675 memoratione
475 1625 820 1682 beneficiorum,
873 1625 932 1673 fic
972 1627 1331 1692 deprecationem
1369 1629 1525 1675 veniae

118 1693 277 1750 habet,
318 1709 421 1739 cum
441 1706 728 1756 peccatorum
750 1697 921 1743 mentio
941 1694 1147 1742 adiunaa
1174 1694 1250 1742 est.
1330 1696 1393 1742 Ex
1428 1712 1524 1759 quo

121 1763 283 1812 Graeci
312 1759 467 1807 dicunt
504 1755 832 1856 πςοσὸἑξῆιθας
869 1762 937 1812 τὸν
973 1760 1367 1828 ἑξομολογέμενον,
1435 1780 1525 1827 pro

119 1831 293 1879 veniam
313 1825 415 1874 dare
435 1827 715 1894 deprecanti,
757 1845 803 1879 vt
822 1835 871 1878 in
898 1831 1049 1878 libello
1068 1830 1378 1879 Poenitentiali
1396 1833 1525 1877 Ioan-

118 1901 184 1947 m‘s
202 1900 471 1950 Ieiunatoris,
500 1897 531 1943 fi
553 1899 733 1962 quidem
754 1897 906 1947 auster
923 1897 997 1956 est,
1029 1916 1074 1964 p.
1095 1914 1170 1958 77.
1189 1897 1309 1964 apud
1326 1897 1525 1946 eundem

70 2009 74 2013 ,
117 1966 351 2015 Morinum.
429 1966 487 2010 Et
504 1965 559 2011 de
578 1967 652 2013 tali
674 1967 943 2015 confeffione
964 1969 1194 2031 quaeritur
1212 1969 1258 2012 in
1278 1966 1359 2013 hac
1380 1965 1525 2028 dispu-

119 2035 318 2079 tatione:
345 2046 482 2093 eaque
502 2031 563 2078 est
580 2038 760 2098 antiqua
772 2038 835 2083 vis
856 2033 998 2090 verbi,
1019 2051 1067 2080 ea
1086 2033 1297 2082 confeffio
1316 2032 1369 2080 ad
1383 2049 1525 2080 vnum

119 2102 272 2146 Deum
304 2100 511 2161 pertinet.
609 2106 672 2148 At
699 2100 917 2166 posterior
943 2114 989 2149 et
1014 2105 1239 2149 recentior
1269 2112 1385 2148 aetas
1417 2098 1527 2146 dmi:

120 2168 255 2214 etiam
273 2163 476 2212 confiteri
496 2182 678 2230 peccata
695 2171 768 2226 iis,
804 2169 964 2236 quibus
984 2169 1162 2216 testibus
1182 2180 1229 2215 et
1248 2170 1293 2214 in
1326 2183 1525 2231 quorum

120 2229 385 2300 conspefim
437 2234 508 2280 vel
534 2237 795 2300 praesentia,
847 2237 1100 2300 deprecatio
1131 2235 1275 2292 fieret,
1321 2233 1439 2282 vnde
1473 2242 1524 2282 et

118 2320 262 2351 coram
289 2303 437 2356 altari,
481 2311 526 2347 et
555 2307 739 2368 reliquiis
762 2307 1006 2354 Sanfi‘orum
1037 2308 1084 2352 in
1107 2302 1263 2350 libellis
1290 2299 1379 2349 istis
1396 2300 1525 2364 confi-

118 2380 255 2418 tentes
273 2366 570 2429 inducuntur,
605 2389 700 2419 non
718 2375 865 2420 minus
885 2375 1064 2436 inepte,
1093 2388 1228 2436 quam
1248 2386 1401 2418 coram
1419 2386 1523 2417 coc·

118 2436 281 2486 litibus.
1250 2482 1258 2486 N

218 2505 348 2552 Alter
366 2508 499 2561 ritus,
531 2506 654 2553 cuius
674 2504 869 2553 defensio
889 2504 1132 2565 suscipitur,
1167 2502 1230 2551 est
1245 2503 1344 2551 vsus
1365 2502 1522 2552 cande·

24 2579 27 2581 ’
119 2572 263 2621 larum
283 2575 402 2621 inter
420 2572 753 2620 Eucharistiam:
798 2590 932 2638 quem
957 2574 1088 2620 etiam
1108 2574 1305 2630 Burnus,
1330 2583 1521 2638 propter

120 2642 371 2707 fferonyrm'
396 2638 732 2699 austeritatem,
781 2643 986 2755 negantis
1025 2641 1141 2689 clara
1173 2641 1274 2690 luce
1310 2641 1357 2688 in
1396 2639 1521 2686 sacris

935 2726 961 2756 2
988 2710 991 2712 ’
1321 2710 1522 2755 Christia-
