1682 3068
140 129 239 190 246
441 141 727 174 vmmcnui:
762 141 1016 174 anun-nu
1046 145 1231 176 mvmt

211 295 213 299 .
244 252 320 300 60.
350 251 499 314 Atque
527 247 572 296 id
603 251 729 298 claris
748 250 972 298 >sacrarum
993 251 1223 299 literarum·
1243 247 1546 299 distisnonfir«

146 321 256 368 mari
278 315 441 382 potest:
463 321 660 383 primum
682 317 887 366 omnibus
908 320 1150 382 iiS,quibus
1170 329 1265 366 tota
1286 317 1394 365 haec
1413 335 1548 376 gene·-

149 389 208 435 ris
230 386 408 433 humani
433 383 547 449 quasi
571 389 616 432 in
637 383 1112 446 integrumrestitutio,
1132 384 1547 453 χσῖξις,φιλανθςω·

149 453 259 510 πίοι,
291 452 430 510 ἕλεος,
459 455 671 517 χρηςᾶτης
702 455 964 519 appellatur,
1009 465 1054 499 et
1073 465 1168 499 tota
1197 453 1251 499 ad
1279 452 1548 501 beneficium

151 522 354 570 refertur.
420 524 662 568 Enimuero
694 520 973 575 beneficium,
1007 520 1129 583 quod
1161 538 1262 568 vere
1291 532 1337 568 et
1363 525 1550 586 proprie

153 588 338 646 dicatur,
354 598 504 636 totum
525 585 608 634 effe
631 587 763 636 debet
787 587 979 654 positum
1006 590 1052 634 in
1073 587 1255 635 arbitrio
1277 590 1382 645 eius,
1414 606 1438 634 a
1458 606 1551 650 quo

154 660 289 704 venit.
369 655 506 711 Quod
531 655 592 702 est
619 657 793 720 planius
825 654 1158 702 edisserendum.
1238 660 1290 702 In
1322 656 1550 704 omnisbe-

156 722 316 771 neficio
352 723 550 770 humano
587 735 864 771 concurrunt
892 722 1004 780 duo,
1042 722 1307 770 beneficium
1336 723 1476 787 ipsum
1499 732 1552 769 et

159 789 370 840 officium.
437 794 486 838 In
511 792 590 838 illo
618 790 678 838 est
707 792 884 838 libertas
917 792 1060 855 plena,
1088 792 1133 838 in
1155 788 1302 837 officio
1323 789 1552 837 necessitas

159 860 328 924 aliqua,
373 875 486 922 quae
512 859 628 906 illam
660 859 795 922 ipsam
826 857 1029 905 beneficii
1058 858 1303 905 libertatem
1335 859 1475 922 aliqua
1501 875 1554 904 ex

159 940 287 994 parte
314 928 486 980 minuit,
515 937 775 990 propterea,
811 924 942 990 quode
962 927 1101 972 homo
1135 925 1264 972 debet
1291 926 1555 988 benefacere

162 997 217 1048 ei,
251 997 321 1041 cui
353 992 623 1041 beneficium
650 995 734 1041 dat.
804 992 890 1041 Sed
919 994 1000 1040 hae
1020 1010 1088 1039 res
1117 993 1227 1040 duae
1245 994 1456 1039 diuersam
1481 994 1554 1040 ha-

161 1060 276 1109 bent
305 1060 474 1122 σχέσιν.
553 1064 674 1108 Nam
707 1061 851 1124 quoad
881 1059 1193 1115 benefacientis
1222 1059 1334 1108 aGio
1365 1061 1557 1107 refertur

161 1129 214 1177 ad
236 1133 393 1178 Deum
430 1146 453 1176 a
475 1146 566 1192 quo
594 1127 790 1175 officium
813 1127 1000 1182 ducitur,
1034 1126 1243 1174 hastenus
1266 1145 1355 1175 non
1377 1127 1438 1174 est
1462 1145 1557 1174 oru-

163 1199 278 1245 nino
299 1198 444 1250 libera,
481 1207 558 1243 aut
575 1197 742 1244 arbitrii
770 1197 967 1252 humani,
998 1194 1118 1259 quod
1142 1194 1278 1242 officii
1296 1194 1558 1252 necestitate,

163 1275 215 1314 vt
241 1265 438 1318 diximus,
470 1262 802 1326 quodammodo
831 1273 1088 1310 coercetur:
1119 1262 1212 1318 sed,
1248 1262 1395 1326 quoad
1423 1264 1559 1326 perti-

164 1343 245 1380 net
264 1332 316 1379 ad
336 1333 581 1388 hominem,
617 1334 694 1397 qui
711 1328 977 1377 beneficium
999 1332 1175 1394 accipit,
1211 1328 1271 1375 est
1292 1328 1561 1377 mel-umbe·

165 1399 390 1452 neficium,
422 1396 513 1446 hoc
535 1396 607 1450 est,
642 1401 764 1446 omni
783 1416 835 1444 ex
856 1409 979 1463 parte
1003 1398 1135 1444 libera
1153 1407 1198 1444 et
1218 1397 1462 1444 arbitrariar
1483 1413 1561 1445 ne.-

168 1485 259 1532 que
287 1469 377 1515 vllo
408 1466 545 1515 modo
577 1467 681 1514 licet
710 1467 908 1521 homini,
943 1466 1014 1513 vel
1049 1464 1296 1525 digniffimo
1327 1462 1563 1520 beneficiis,

170 1536 318 1583 dicere
339 1537 392 1591 ei,
428 1554 451 1582 a
473 1540 566 1600 q'uo
585 1533 848 1582 beneficium
875 1535 1001 1596 petit,
1035 1534 1106 1578 vel
1123 1534 1287 1596 sperat3
1323 1533 1456 1579 debes
1478 1533 1562 1578 mi-

168 1601 498 1652 hibeneficium
521 1602 632 1657 dare,
667 1601 780 1647 bene
809 1598 1262 1646 mihiffacias‘neceffe
1283 1597 1353 1645 est.
1420 1601 1563 1660 Igitur

167 1671 362 1718 humana
382 1667 593 1716 beneficia
613 1673 712 1715 Deo
738 1665 983 1719 necessaria,
1011 1667 1183 1713 homini
1213 1668 1445 1730 accipienti
1461 1663 1566 1713 libe-

169 1756 217 1787 ra
237 1739 347 1786 sunt.
415 1741 466 1784 ln
487 1735 646 1784 diuinis
666 1745 815 1782 autem
836 1732 1071 1790 beneficiis,
1093 1734 1344 1799 praesertim
1365 1737 1562 1798 iiS,>'quae

168 1806 293 1854 nulla
322 1803 545 1869 promiffio
576 1801 816 1864 pracceffit,
850 1818 935 1848 nec
963 1800 1190 1856 debemus,
1222 1818 1306 1847 nec
1331 1799 1562 1865 possumus

171 1875 407 1939 quicquam
433 1870 694 1919 neceffitatis
724 1871 819 1918 talis
848 1870 1111 1934 intelligere,
1153 1879 1409 1933 propterea,
1443 1869 1567 1932 quod

170 1958 304 1990 vnam
332 1949 507 1987 tantum
537 1955 586 1984 ac
611 1937 850 2001 {implicem
881 1935 1050 1983 habent
1083 1936 1340 1983 relationem
1370 1937 1426 1982 ad
1448 1946 1566 1991 eum,

161 2010 249 2057 xcui
266 2006 536 2062 tribuuntur,
557 2022 639 2052 nec
658 2006 788 2052 vllam
812 2003 978 2051 habent
997 2004 1326 2067 copulationem
1348 2020 1450 2051 cum
1471 2000 1567 2050 offi-

172 2078 255 2130 cio,
288 2073 413 2139 quod
434 2074 604 2120 nullum
623 2075 666 2119 in
688 2078 834 2120 Deum
854 2071 975 2118 cadit.
1045 2071 1175 2118 Vnde
1197 2071 1361 2118 clarum
1384 2070 1456 2128 est,
1475 2072 1567 2133 pri-

171 2158 313 2200 mum,
346 2142 455 2188 nihil
476 2138 622 2187 effein
641 2141 727 2197 illo,
762 2140 823 2186 de
837 2157 928 2204 quo
953 2139 1188 2204 loquimur,
1221 2137 1436 2186 beneficio
1457 2138 1567 2185 diui·

171 2229 250 2269 no,
284 2209 404 2275 quod
424 2208 581 2255 habeat
598 2209 787 2271 aliquam
817 2206 1013 2254 vmbram
1037 2206 1310 2262 neceffitatis,
1340 2222 1467 2269 equa
1486 2204 1567 2251 ho-

172 2296 252 2328 mo
273 2275 576 2325 ratiocinando
605 2276 854 2335 intelligere
883 2272 1024 2338 poffit,
1055 2274 1098 2319 id
1119 2278 1268 2320 Deum
1289 2273 1356 2320 vel
1378 2273 1567 2320 tributu-

173 2363 290 2398 rum,
320 2345 391 2391 vel
410 2360 503 2390 non
524 2341 711 2406 potuisse
733 2360 824 2390 non
853 2342 1068 2389 tribuere:
1103 2341 1272 2397 deinde,
1303 2341 1379 2404 qui
1399 2337 1488 2387 hoc
1506 2356 1567 2385 ra-

174 2413 387 2460 tiunculis
407 2411 513 2458 velit
532 2408 720 2466 efficere,
739 2421 788 2456 vt
801 2414 923 2456 Deus
945 2425 1037 2455 non
1057 2410 1256 2471 potuerit
1274 2418 1367 2455 uon
1386 2408 1568 2454 salutem

172 2479 436 2528 hominibus
464 2478 662 2532 reddere,
699 2495 802 2525 eum
832 2474 1095 2524 beneficium
1116 2475 1317 2521 diuinum
1335 2483 1568 2522 conuerte-

173 2564 225 2597 re
243 2549 287 2594 in
310 2544 520 2600 officium,
541 2543 665 2609 quod
686 2546 733 2590 in
754 2548 853 2593 Deo
874 2545 1026 2592 locum
1052 2558 1143 2589 non
1164 2542 1311 2597 habet,
1336 2553 1381 2589 et
1396 2543 1568 2589 minue-

174 2630 225 2664 re
254 2611 524 2662 beneficium
558 2626 612 2660 'ac
639 2612 812 2661 toll-ere.
899 2615 1073 2677 Itaque,
1119 2608 1230 2657 ficut
1256 2610 1411 2663 Paulus
1439 2606 1567 2672 χάριν

1432 2685 1568 2738 negat
