1682 3068
218 186 321 237 206
525 199 813 235 vnuucma:
851 202 1109 237 Anat-nux
1142 203 1323 240 mv'mr

217 303 457 368 sanandoS,
497 305 576 375 qui
608 311 874 377 plerumque
891 329 983 360 non
1005 315 1200 360 veritatis
1221 318 1444 361 amores&
1467 309 1625 372 studim·

219 375 616 443 fedcupiditatibus
636 379 720 426 suis
730 378 937 447 qbsecuti,
958 397 1054 427 eam
1067 381 1410 445 disputationem
1430 381 1625 446 suscepeo
1673 435 1677 443 ‚

217 457 340 500 runt,
377 459 509 510 quam
531 445 584 493 ad
602 461 678 494 eos
697 445 1037 505 confirmando&
1073 451 1149 513 qui
1169 448 1225 494 de
1242 451 1423 496 veritate
1440 448 1622 511 religio·

216 515 287 560 nis
315 511 580 561 Christianae
613 517 802 563 minime
831 515 1106 570 dubitarent,
1159 515 1516 580 cauendumque,
1563 533 1622 563 ne

215 579 404 628 istorum
435 581 507 630 vel
536 581 655 628 libris
682 583 905 645 legendis,
955 582 1025 629 vel
1063 583 1340 631 sermonibus
1379 582 1623 643 audiendis,

217 658 639 714 corrumperentur,
659 647 712 707 si,
732 650 852 716 quod
871 667 1030 697 eorum
1050 650 1297 699 rationibus
1320 661 1622 715 opponerent,

216 714 299 780 ipfi
318 733 412 764 non
431 717 647 766 haberent
665 730 741 765 aut
762 720 957 782 reperire
978 716 1161 782 possent.
1238 723 1391 784 Itaque
1408 734 1492 766 nos
1507 735 1624 783 quoa

219 801 308 847 que
334 785 452 833 idem
479 797 526 832 et
552 786 598 832 in
626 786 709 833 hac
745 784 1053 850 disputationis
1091 798 1219 852 parte
1256 788 1447 834 maxime
1486 785 1622 835 secuti
1673 799 1682 826 ἓ

216 851 387 910 sumus,
413 864 458 900 et
475 855 522 900 in
540 853 723 920 reliquis
750 851 919 901 duabus
940 855 1188 918 sequemur.
1608 872 1612 896 :

629 1029 663 1080 P
674 1037 715 1083 A
724 1034 762 1082 R
772 1031 800 1081 S'
862 1032 891 1082 S
901 1030 937 1081 E
951 1037 986 1082 C
995 1030 1037 1081 V
1046 1038 1096 1082 N
1105 1032 1149 1081 D
1160 1035 1202 1082 A

288 1133 346 1191 In
365 1136 480 1190 omni
499 1139 666 1205 generis
683 1140 855 1192 humani
867 1140 992 1210 statu
1011 1157 1154 1192 veram
1173 1138 1412 1206 religionem
1434 1136 1619 1190 arbitra·-

347 1216 418 1266 ria
450 1216 646 1285 habuiffc.
1680 1228 1682 1230 ’

324 1343 399 1393 31.
432 1328 642 1397 Superior
661 1332 909 1398 disputatio,
938 1346 1049 1398 quae
1070 1336 1171 1381 Deo
1194 1329 1424 1381 arbitrium
1442 1332 1619 1391 religio*

213 1399 287 1446 nis
305 1396 489 1455 afferuit,
518 1399 546 1446 si
566 1417 719 1447 verum
738 1402 922 1448 velimus
941 1402 1105 1456 dicere,
1135 1402 1403 1466 superuacua
1422 1410 1515 1445 erat
1535 1411 1618 1463 per

215 1483 318 1522 θος,
361 1468 437 1531 qui
458 1470 503 1513 in
522 1467 655 1515 rebus
676 1468 995 1530 cognoscendis
1016 1485 1065 1516 ac
1081 1467 1326 1516 iudicandis
1345 1464 1461 1516 resta
1481 1468 1548 1513 via
1571 1470 1617 1511 et

213 1538 391 1582 ratione
409 1545 660 1582 vterentur:
700 1537 772 1584 sed
793 1535 904 1583 satiza
926 1534 987 1584 est
1016 1535 1243 1584 ‘necessaria
1271 1550 1353 1600 per
1378 1534 1617 1594 argutatim

213 1614 296 1649 nes
327 1612 510 1659 eorum,
550 1607 648 1668 qui,
678 1602 829 1651 reliEta
849 1621 949 1651 vera
971 1603 1200 1651 differendi
1220 1614 1266 1650 et
1283 1600 1502 1649 iudicandi
1537 1601 1616 1654 via,

211 1679 367 1717 totum
387 1683 534 1717 rerum
557 1670 758 1719 ordinem
778 1681 1105 1735 peruerterunt,
1139 1681 1196 1726 et,
1217 1670 1272 1717 de
1292 1686 1385 1734 quo
1405 1680 1616 1734 quaerere

211 1753 309 1784 non
329 1738 559 1791 attinebat,
589 1737 633 1783 id
650 1739 697 1784 in
719 1738 1056 1803 'disputationem
1077 1737 1364 1785 adduxerunt.
1433 1738 1618 1800 Semper

211 1803 300 1852 hac
318 1807 491 1853 ratione
506 1803 564 1852 vsi
582 1805 702 1862 sunt,
722 1809 798 1870 qui
818 1807 1040 1868 legitimos
1062 1804 1295 1853 disserendi
1314 1802 1474 1851 modos
1493 1813 1615 1849 tene⁶

210 1883 335 1929 rent,
365 1883 414 1920 vt
435 1876 643 1938 primum,
663 1874 764 1936 quid
788 1873 904 1933 esset,
931 1884 1217 1940 quaererent3
1251 1871 1408 1918 deinde
1424 1870 1615 1924 demum.

210 1939 245 1988 fi
267 1940 463 1999 luberet,
505 1941 561 1988 de
583 1940 731 1989 caussis
749 1942 974 1990 viderent:
1022 1959 1130 2008 quas
1150 1939 1181 1987 si
1200 1938 1361 2004 assequi
1387 1954 1478 1985 non
1516 1937 1616 2001 pos·-

211 2009 311 2057 sent
326 2046 336 2064 ‚
372 2025 464 2056 non
484 2017 724 2074 propterea
743 2026 837 2059 rem
855 2011 990 2075 ipsam
1010 2011 1244 2064 tollerent,
1285 2017 1358 2054 aut
1378 2004 1473 2052 fieri
1493 2001 1615 2070 posse

213 2083 456 2138 negarent:
497 2077 617 2125 foret
648 2080 769 2126 enim
800 2078 1056 2126 ridiculum:
1099 2076 1173 2126 sed
1203 2076 1275 2124 vel
1304 2073 1615 2122 obscuritatem

213 2146 299 2200 rei,
339 2146 408 2193 vel
437 2147 601 2207 ingenii
622 2145 687 2193 sui
711 2147 1062 2195 imbecillitatem
1082 2145 1382 2208 agnoscerent.
1479 2143 1615 2186 Hanc

211 2215 430 2260 rationem
454 2211 486 2260 fi
506 2212 743 2261 tenuissent
768 2216 809 2272 ii,
841 2226 1000 2263 contra
1019 2232 1131 2280 quos
1152 2227 1176 2259 a
1194 2210 1320 2258 nobis
1341 2208 1612 2273 disputatum

213 2278 296 2337 est,
330 2283 474 2328 otium
490 2282 620 2330 nobis
641 2280 841 2330 fecissent
859 2286 904 2330 in
924 2285 1006 2330 hac
1028 2279 1163 2330 caussa
1182 2277 1364 2341 agenda.
1431 2276 1613 2335 Etenim

211 2347 468 2414 quaefiffent
478 2353 626 2414 potius
639 2350 693 2397 de
706 2350 934 2399 diuinitate
947 2352 1166 2398 sacrorum
1187 2347 1416 2399 librorum,
1436 2358 1612 2390 eorum⁶

209 2434 301 2480 que
321 2420 714 2482 interpretatione:
767 2429 839 2475 vt,
877 2417 909 2464 fi
930 2420 1124 2484 primum
1153 2418 1222 2464 illa
1241 2410 1345 2460 esset
1370 2412 1431 2458 ita
1448 2409 1612 2476 perspi-

210 2488 304 2530 cuis
325 2484 456 2546 signis
479 2483 724 2544 manifesta,
768 2500 818 2534 vt
847 2485 1034 2535 dubitari
1053 2486 1110 2533 de
1128 2497 1178 2532 ea
1205 2485 1301 2529 iure
1319 2491 1413 2526 non
1441 2475 1610 2553 posset-z

209 2550 322 2597 haec
342 2563 491 2600 autem
512 2554 627 2602 clare
645 2554 849 2610 doceret,
889 2557 934 2602 in
965 2555 1154 2611 iisjibris
1182 2550 1305 2598 statui
1325 2560 1374 2594 ae
1403 2547 1610 2610 praecipu

210 2632 322 2683 quae
342 2622 589 2668 naturalem
609 2623 902 2670 neceffitatem
924 2624 1092 2671 nullam
1113 2620 1327 2668 haberent
1340 2651 1351 2671 ι
1393 2614 1610 2674 intellige·

210 2697 314 2735 rent
334 2688 406 2735 sua
430 2688 591 2754 sponte
610 2691 842 2740 arbitrium
863 2692 973 2741 illud
994 2692 1209 2743 diuinum,
1245 2697 1331 2732 nec
1350 2681 1610 2760 dubitarent,

1495 2763 1605 2817 qum
