1682 3068
155 139 417 184 ξιοιεετ.
456 132 708 168 nassum
747 137 810 168 m
842 135 984 167 ποι.
1020 135 1353 166 emus-ruma
1388 130 1490 182 477

61 248 74 306 5
157 244 239 302 me,
272 261 382 294 curn
405 253 533 293 totus
553 241 699 290 cultus
718 244 946 290 Leuiticus
965 242 1101 290 fuerit
1121 240 1348 304 figuratus·
1418 246 1493 290 An

52 340 55 341 ⁷
89 331 231 378 agnus
252 313 460 378 paschalis
479 321 526 357 et
542 308 694 358 similia
724 311 845 365 nihil,
877 310 997 374 quod
1019 311 1197 359 firmum
1218 310 1280 361 fit,
1310 309 1494 367 habent,

46 379 47 382 ’
90 385 195 448 quia
225 379 415 442 figuram
441 390 617 425 tantum
646 375 805 438 habet3
842 379 954 425 nihil
984 395 1141 425 omnes
1169 381 1304 443 typi?
1333 382 1494 437 Immo,

90 450 206 508 vehi
219 464 346 512 pares
365 446 466 494 sunt
487 458 535 493 et
556 444 641 492 effe
660 444 825 492 debent
854 446 1019 492 disertis
1038 445 1314 499 testimonii&
1345 445 1376 493 fi
1396 463 1494 494 non

91 515 179 571 fiat
191 513 291 563 {iffi
317 510 498 573 ingenio
527 514 739 569 humano,
776 514 845 560 sed
867 531 890 559 a
914 512 1089 560 Christo
1107 525 1155 560 et
1173 513 1396 578 Apostolis
1416 514 1495 561 de·

91 580 349 644 mastreth
366 579 425 628 fic
443 593 491 628 et
510 582 789 646 prophetiae,
802 584 844 628 in
863 580 1024 644 quibus
1047 598 1126 644 per
1147 580 1331 642 figuram
1352 581 1495 629 modo

41 699 45 701 .
88 648 200 701 inest
219 647 431 711 Christus.
498 651 665 697 Totam
690 650 999 697 oeconomiam
1021 653 1075 695 V.
1093 653 1154 699 T.
1182 649 1497 713 reprehendat,

90 729 140 766 et
158 728 307 773 mutet
327 714 500 764 necess‘e
521 714 680 781 est,qui
690 734 828 780 genus
843 718 940 774 hoc
947 717 1288 781 prophetiarum
1310 729 1357 764 et
1377 717 1495 766 mul-

90 785 336 836 titudinem
364 785 673 849 reprehendat,
709 796 785 832 aut
815 784 868 831 ad
894 784 1105 831 inuidiam
1128 787 1385 848 interpretis
1407 796 1495 832 tra·

44 870 47 871 ⁷
91 854 183 910 hat.
253 855 455 900 Omnino
476 864 658 917 oportet
680 855 725 900 in
745 853 836 900 hoc
857 869 1022 914 genere
1051 869 1145 900 non
1163 852 1371 899 acerbum
1392 852 1494 902 effe.

92 921 229 975 ,Vides
246 931 310 976 tu,
330 921 383 971 o!
419 920 551 976 bone,
574 918 794 968 Christum
817 923 863 966 in
883 925 935 967 V.
957 923 1013 966 T.
1035 918 1104 966 vbi
1127 920 1231 967 alius
1254 932 1329 968 aut
1349 923 1496 969 omni·

92 1007 156 1039 no
177 1005 283 1044 non,
310 999 390 1035 aut
409 1005 501 1036 non
521 993 581 1036 ita
604 988 720 1036 clare
736 988 867 1043 videt,
898 999 946 1035 vt
965 999 1015 1036 tu
1037 988 1104 1034 vel
1125 987 1257 1046 vides,
1285 989 1354 1036 vel
1375 989 1496 1036 vide·

91 1074 144 1107 re
164 1069 212 1105 te
231 1059 380 1120 putas!
405 1056 517 1103 Vide
534 1073 638 1104 eum
659 1055 751 1109 tibi,
789 1068 835 1104 et
855 1061 1013 1116 gratias
1033 1072 1113 1116 age
1134 1059 1249 1104 Deo.
1316 1057 1400 1103 Sed
1411 1057 1499 1112 fac,

93 1136 145 1173 vt
163 1141 266 1172 eum
287 1136 333 1172 et
352 1125 398 1170 in
418 1141 512 1183 cor,
543 1141 646 1172 cum
669 1127 763 1172 eius
781 1124 1116 1171 mansuetudine
1135 1135 1184 1170 et
1203 1125 1396 1177 lenitate,
1427 1141 1498 1170 re-

82 1182 243 1256 cipias,
274 1208 333 1238 ne
352 1190 504 1239 frustra
524 1192 694 1240 videris.
732 1194 810 1240 Ille
833 1209 938 1239 vero
957 1193 1066 1238 alter
1084 1209 1187 1239 eum
1210 1191 1308 1239 alibi
1333 1194 1499 1255 pariter

93 1257 290 1321 videgvvfi
311 1276 403 1307 non
423 1259 588 1325 vbique
604 1264 651 1307 in
669 1263 724 1308 V.
743 1264 801 1308 T.
822 1260 920 1308 satis
940 1262 1066 1316 clare,
1102 1271 1149 1306 vt
1178 1259 1364 1314 dubitet,
1395 1261 1499 1306 hae·

95 1340 205 1382 reat,
229 1333 310 1391 ‘per
328 1326 528 1377 vmbram
550 1329 716 1384 modo;
746 1338 789 1375 at
822 1331 867 1375 in
891 1332 951 1374 N.
976 1332 1032 1375 T.
1053 1327 1237 1374 videtin
1259 1329 1371 1375 clara
1392 1329 1498 1374 luce

97 1393 408 1456 refulgentem,
439 1408 486 1442 et
514 1413 597 1459 pro
627 1400 720 1443 eius
751 1397 960 1442 claritatis
979 1394 1198 1442 beneficio
1223 1398 1380 1450 gratias
1403 1397 1499 1455 agit

94 1465 210 1576 geo.
275 1466 387 1508 Non
407 1461 554 1526 probo
574 1475 716 1510 totam
737 1465 883 1510 Grotii
903 1466 1147 1510 rationem:
1179 1463 1278 1519 scio,
1298 1479 1399 1510 eum
1421 1463 1500 1509 de-

154 1525 282 1593 ptum
306 1528 541 1576 dulcedine
572 1529 803 1577 historicae
830 1533 1228 1592 interpretationis,
1259 1529 1500 1578 aberrasse:

97 1609 143 1647 at
162 1596 316 1651 fateor,
336 1614 410 1643 me
428 1597 656 1651 indignari.
678 1615 780 1645 cum
801 1614 1144 1662 propterea‘pro
1156 1597 1332 1645 ludaico
1353 1599 1500 1646 homi-

96 1681 156 1714 ne
177 1675 225 1711 et
245 1665 480 1711 incredulo
500 1668 734 1730 vituperari
755 1667 897 1719 audio²
919 1670 992 1728 qui
1016 1668 1244 1712 veritatem
1266 1667 1498 1726 religionis

98 1729 365 1783 Christianae
378 1732 626 1780 inimitabili
648 1733 799 1780 libello
812 1730 1189 1790 demonstrauerit,
1208 1746 1254 1780 et
1272 1734 1384 1781 viam
1405 1751 1503 1781 mu-

98 1801 264 1848 niuerit
281 1800 387 1854 aliis,
418 1803 492 1864 qui
522 1799 620 1865 post
641 1800 759 1848 idem
777 1813 1094 1863 argumentum
1118 1799 1303 1848 trastare
1325 1803 1502 1857 vellent,

101 1878 151 1914 et
166 1865 451 1914 adsuefecerit
470 1868 676 1916 homines
695 1870 852 1916 talibus
875 1867 1323 1916 demonstrationibus
1346 1871 1502 1925 lezen-

103 1932 168 1980 dis
194 1945 241 1980 et
270 1933 601 1993 cognoscendis
633 1953 736 1984 cum
764 1949 968 2001 tempora
998 1939 1297 1994 imminerent,
1334 1937 1502 2002 quibus

91 2011 208 2047 'cum
238 2001 391 2047 multis
410 2002 697 2065 pugnandum
736 2002 840 2049 effet
866 2020 948 2066 pro
980 2005 1205 2063 religionis
1235 2004 1502 2052 Christianae

103 2069 302 2116 veritate.
369 2069 452 2114 Sed
484 2066 769 2116 desinendum
796 2069 975 2116 tandem
1005 2068 1076 2124 est,
1106 2083 1154 2118 vt
1183 2075 1409 2119 veniamus
1430 2089 1502 2130 eo,

102 2142 195 2200 quo
223 2151 307 2182 nos
326 2152 396 2181 res
417 2147 563 2192 vocat,
597 2154 727 2199 quam
747 2138 792 2183 in
814 2137 1016 2184 manibus
1040 2138 1265 2193 habemns,
1297 2157 1502 2204 quaeque

99 2212 399 2268 aonlparuam
427 2203 562 2251 habet
588 2220 694 2252 cum
721 2222 779 2262 ea,
813 2222 947 2270 quam
966 2204 1276 2264 traRauimus‚
1312 2210 1502 2256 coniun-

0 2224 14 2356 ,Ὗ
66 2272 82 2324 j
100 2266 316 2325 aionem.

154 2403 158 2406 ’
202 2401 505 2452 Produc-emus
525 2407 646 2452 enim
668 2407 715 2452 in
736 2423 851 2461 eum,
865 2423 995 2470 quem
1017 2407 1249 2454 indicimus
1271 2409 1339 2454 his
1365 2410 1507 2456 literis

105 2483 393 2519 conuentum·
414 2472 655 2529 solennem,
687 2472 851 2538 quibu<
870 2473 922 2519 ad
945 2476 1139 2521 summos
1163 2478 1358 2523 honores
1389 2476 1507 2524 ordi-

103 2540 173 2586 nis
193 2537 339 2591 nostri,
358 2538 410 2585 ad
435 2557 601 2587 nomen
624 2552 668 2587 et
685 2544 780 2587 iura
804 2539 1010 2588 DoRoris
1032 2541 1244 2590 sacrarum
1266 2544 1507 2599 literarum,

107 2606 275 2655 aditum
294 2607 510 2664 faciamus,
528 2625 659 2673 quam
673 2610 903 2658 Licentiam
925 2611 1162 2675 appellauit
1177 2623 1307 2659 vetus
1329 2613 1510 2723 inscitia}-

1419 2682 1472 2723 Se
