1682 3068
118 142 262 218 '392
520 171 593 204 DE
627 173 890 218 orr1c1o
927 170 1206 207 cuius-rx

170 286 320 327 autem
345 278 539 323 muneris
559 290 707 341 partes
729 281 877 328 Moses
893 282 1118 347 Propheta
1135 280 1571 348 fideliffimeperegie

168 349 318 407 legem
340 344 411 392 seu
433 345 623 393 foederis
640 348 880 397 ‘formulam
901 368 924 397 a
955 354 1053 396 Deo
1076 341 1348 414 accipiendo,
1383 362 1429 398 et
1450 350 1572 414 genti

169 415 429 465 Israeliticae
447 413 675 471 tradend-o,
710 418 807 465 Gal.
830 419 922 474 III,
950 435 986 466 1.
1010 418 1280 482 explicando,
1296 419 1572 476 inculcando,

169 479 451 532 vistimarum
481 481 673 546 denique
702 485 907 546 sanguine
944 485 1200 544 sanciendo,
1249 486 1408 535 iisdem
1441 490 1574 538 etiam

172 551 339 606 verbiS,
391 550 551 610 quibus
594 550 789 600 Christus
822 553 920 600 vsus
965 551 1046 611 est,
1115 567 1163 601 vt
1209 553 1335 618 supra
1373 554 1573 616 diximus,

175 620 365 678 (Matth.
383 619 564 673 XXVI,
589 638 659 678 ες.
692 622 796 669 Ebr.
821 621 901 675 IX,
923 624 1034 680 20.)
1064 633 1160 670 tum
1180 638 1264 686 pro
1288 625 1462 687 populo
1483 623 1573 672 assi„

174 687 261 734 due
281 692 423 734 Deum
450 686 740 748 deprecando,
770 699 815 734 et
832 689 875 735 se
896 707 978 753 pro
999 689 1196 753 ipsorum
1217 691 1347 754 culpa
1366 701 1411 738 et
1428 708 1576 755 poena·

175 753 457 802 deuouendo.
493 757 630 806 Exod.
653 757 871 812 XXXII,
900 773 918 802 1
937 758 1026 822 1.J.'
1048 774 1121 814 32.
1158 759 1284 806 Num.
1302 760 1440 814 XIV,
1467 760 1576 823 13ss
1599 762 1602 764 ’

174 828 282 872 Nec
301 825 447 870 minus
467 820 541 872 ista
562 824 886 887 perspiciuntur
900 826 945 870 in
968 827 1150 874 nornine
1169 841 1220 873 ac
1237 842 1424 873 munere
1434 832 1581 893 regis}

172 892 454 956 praesertim,
497 888 528 936 fi
555 891 598 960 i‘d
620 892 823 956 exemplo
847 892 1024 938 Dauidis
1043 891 1344 949 aestimemus,
1389 897 1433 941 in
1467 905 1578 959 quo,-

173 969 223 1006 vt
239 976 359 1019 rege,
400 956 556 1006 Christi
576 958 764 1020 figuram
783 958 926 1011 fuisse,
959 961 1127 1009 clarum
1149 960 1336 1009 fecimus
1358 961 1575 1026 superiori

175 1027 574 1089 disputatiunculae
596 1037 744 1091 parte,
780 1037 853 1077 aut
871 1027 1140 1082 Salomonis,
1173 1025 1482 1092 similiumque,-
1510 1031 1576 1076 iu-

176 1093 290 1141 dicio
315 1094 463 1140 diuino
488 1093 791 1155 probatorum.
890 1097 1014 1143 Nam
1035 1102 1111 1143 rex
1129 1092 1278 1140 bonus
1308 1111 1402 1143 non
1437 1096 1579 1149 modo

173 1160 393 1227 potestate
413 1161 624 1214 censetur,
659 1160 731 1211 sed
751 1162 883 1210 etiam
905 1159 1066 1218 officio,
1095 1178 1200 1212 cum
1220 1161 1398 1210 salutem
1418 1165 1583 1229 populi

176 1247 282 1277 cura
299 1228 590 1293 amplctiitur
613 1229 797 1289 legibuS,
817 1226 1039 1285 institutis,
1052 1228 1440 1294 deprecationibus
1460 1224 1578 1296 apud
1681 1263 1682 1266 =

174 1301 348 1352 Deum,
385 1298 509 1342 omni
528 1298 704 1347 ratione
726 1301 894 1353 munit,
928 1296 1126 1353 adiuuat,
1145 1307 1202 1344 et
1220 1298 1304 1361 pro
1323 1298 1500 1363 populo
1519 1300 1580 1350 vi·

175 1376 268 1412 tam
291 1363 569 1429 profundere
589 1382 680 1415 non
707 1363 896 1422 dubitat:
943 1364 1061 1413 vnde
1070 1365 1262 1428 pastoris
1279 1369 1375 1414 boni
1393 1361 1599 1419 nornine]
1666 1376 1675 1412 4'

176 1450 200 1481 a
219 1433 457 1487 Prophetis
477 1433 744 1496 appellatur,
777 1435 903 1482 cuius
925 1433 1116 1481 nominis
1138 1432 1276 1494 figura
1295 1433 1407 1496 Iesus
1426 1429 1606 1490 totuin,

118 1559 121 1563 r
176 1517 342 1548 munus
370 1500 496 1552 suum
526 1499 728 1569 expressit
753 1499 864 1563 ipse,
906 1502 1037 1566 etiam
1060 1513 1155 1550 eam
1184 1511 1378 1564 partem,
1405 1504 1462 1549 vin
1493 1518 1589 1565 qua,

177 1568 483 1617 Sacerdotium
505 1571 598 1618 eius
620 1571 808 1620 maxime
830 1570 1033 1632 ponitur,
1081 1570 1143 1617 Io.
1165 1571 1230 1623 X,
1258 1585 1329 1615 12.
1401 1573 1464 1616 Ex
1483 1571 1580 1632 qui-

179 1635 262 1686 bus
282 1647 476 1699 apparet,
510 1638 554 1685 in
577 1638 783 1684 varietate
802 1636 887 1685 hae
905 1634 1143 1684 verborum
1165 1652 1259 1682 non
1282 1634 1366 1683 effe
1389 1634 1581 1683 diuerso·
1658 1663 1660 1666 >

178 1721 280 1751 rum
303 1701 554 1753 officiorum
574 1701 912 1762 distinffionem,
944 1701 1015 1748 sed
1038 1705 1164 1751 vnius
1183 1703 1476 1766 eiusdemque
1497 1720 1583 1767 per

180 1772 396 1826 imagines
418 1771 629 1818 humanas
648 1768 937 1820 adumbrandi
955 1770 1231 1827 varietatem,
1276 1786 1361 1819 nec
1379 1773 1582 1819 iniucun-

181 1838 280 1887 dam
301 1837 600 1892 audientibus,
637 1854 719 1887 nec
737 1837 967 1891 inutilem3
1003 1838 1170 1901 quippe
1192 1847 1240 1884 et
1263 1838 1395 1884 altera
1417 1838 1580 1885 illumi-

178 1917 256 1956 nat
277 1907 460 1953 alteram
485 1907 663 1969 propria
685 1903 872 1969 quadam
894 1905 1060 1950 virtute
1080 1904 1165 1959 sua,
1185 1905 1228 1952 h.
1246 1922 1282 1950 e.
1301 1905 1443 1974 aliqua
1453 1916 1581 1975 parte

180 1976 375 2028 veritatis
395 1974 562 2025 ,clarius
579 1984 623 2024 et
650 1970 885 2037 expreffius
909 1972 1218 2041 proponenda,
1582 1984 1590 1988 “

284 2115 349 2160 Ex
369 2114 436 2160 his
456 2124 666 2176 putamus
694 2112 790 2161 satis
813 2110 1023 2171 intelligi,
1061 2113 1106 2162 in
1137 2111 1220 2159 hae
1249 2111 1422 2159 ratione
1448 2111 1583 2175 expli-

184 2181 312 2231 candi
347 2184 497 2247 operis
535 2197 585 2228 ac
613 2182 809 2227 muneris
841 2178 1022 2236 Christi,
1071 2189 1405 2242 praeterquam,
1460 2175 1584 2242 quod

182 2249 301 2315 apud
322 2267 404 2296 nos
433 2249 601 2295 nullam
628 2248 901 2311 perspicuam
922 2247 1155 2296 vtilitatem
1188 2245 1345 2309 habet,
1386 2261 1478 2292 non
1494 2243 1585 2292 'effe

183 2335 279 2365 eam
303 2314 547 2383 *duglfimoev
588 2329 662 2362 aut
692 2316 1077 2379 perspicuitatem,
1128 2313 1502 2376 quaexequiritur
1537 2315 1586 2362 in

184 2386 424 2449 disciplina,
474 2382 736 2448 repudiante
775 2390 1014 2447 troporum
1049 2391 1096 2431 et
1130 2379 1368 2443 figurarum
1398 2379 1584 2430 vmbras.

180 2457 302 2500 Nam
326 2452 526 2500 dostrina
555 2451 624 2497 illa
644 2460 846 2498 accurata
866 2460 911 2497 et
940 2447 1157 2500 institutio
1184 2450 1331 2497 lucem
1360 2445 1514 2510 figuris
1537 2459 1586 2495 et:

131 2539 138 2556 Ι
182 2519 452 2569 adumbratis
471 2517 712 2567 simulacris
735 2517 857 2570 dare,
896 2516 1116 2574 subtiliter
1135 2514 1398 2583 explicandis
1430 2530 1585 2563 rerum

183 2588 470 2650 notionibus,
508 2604 602 2638 non
622 2585 676 2635 ab
698 2583 799 2651 ipsis
820 2595 1021 2656 repetere
1043 2583 1196 2636 debet:
1246 2581 1396 2651 estque
1416 2582 1507 2632 hoc
1536 2584 1585 2632 in

1457 2666 1590 2716 prae-·
