1682 3068
1610 0 1662 24 ⁷³4

231 157 342 220 ‹3r‘6
685 152 760 203 1:⁴2
787 155 1186 205 insenum(

241 279 317 331 vbi
331 272 424 326 'eos'
437 277 505 326 vel
527 279 570 326 in
596 278 818 344 scripturis
839 278 996 327 diuinis
1020 277 1238 345 expressos
1258 281 1505 346 reperimus
1522 285 1671 348 prae-³·

240 347 467 412 cipiendo,
496 346 566 393 vel
592 348 639 393 in
671 347 880 411 exemplis
909 346 1068 395 Christi
1098 360 1142 395 et
1162 346 1439 405 Sanstorum,
1470 351 1517 396 in
1546 351 1664 413 pio·-

242 433 343 463 rum
367 412 640 461 sermonibus
663 424 708 461 et
724 412 989 462 astionibus:
1022 415 1165 462 sensus
1184 413 1363 464 viciffim
1384 418 1644 473 contrarioS,

243 483 439 530 carnales
460 482 689 546 sapientiae
699 482 929 539 humanae,
944 484 1143 546 inprimis
1154 493 1323 530 veteres
1337 480 1523 539 nostros,
1535 499 1644 548 quo-

241 553 328 599 ties
340 566 499 597 eorum
509 552 851 606 meminerimus;
866 561 964 596 tum
982 551 1157 605 alienos,
1169 568 1306 615 quum
1329 550 1370 596 se
1381 552 1448 598 vel
1469 550 1645 614 perfer·
1680 602 1682 624 1

241 635 416 673 mones,
426 617 497 664 vel
506 634 587 682 per
605 615 799 663 ustiones
821 617 1039 673 exserunt,
1053 616 1197 672 odisse,
1219 617 1645 680 cumindignatione
1680 625 1682 679 1

242 697 291 733 et
302 685 618 732 dolore'audire
630 695 675 731 et
686 683 844 731 videre.
878 689 996 731 Nam
1010 695 1108 732 tum
1122 685 1301 733 demum
1313 685 1375 732 illi
1387 685 1530 732 sensus
1541 700 1643 731 vere
1680 691 1682 732 ἐ

243 751 381 800 nostri
390 750 489 799 fasti
501 752 615 807 sunt,
635 755 906 817 proprieque
919 750 1054 799 nostri
1075 753 1306 800 dicuntur:
1325 754 1531 818 primum,
1544 754 1645 816 quia

243 823 332 869 iam
356 837 516 866 nouam
527 822 676 866 animo
697 818 813 883 quasi
834 820 1023 867 formam
1038 820 1243 877 induunt,
1253 838 1298 867 m
1312 818 1474 885 quaest,
1486 821 1559 884 qui
1569 820 1647 867 ho-

241 907 308 937 mo
338 899 470 935 nouus
489 885 648 933 dicitur
667 889 712 932 in
743 887 991 952 scripturis;
1023 886 1192 942 deinde,
1222 890 1325 952 quia
1343 899 1439 936 tum
1461 888 1645 935 demum

242 957 288 1004 se
322 953 519 1001 efficaces
549 951 770 1019 praestant
802 958 848 1001 in
869 954 1053 1016 agendo,
1090 966 1138 1002 vt
1155 954 1347 1003 libenter
1365 966 1413 1003 et
1431 973 1534 1003 cum
1554 955 1645 1001 sua-

241 1027 376 1072 vitate
395 1022 580 1086 quadam
600 1024 733 1068 animi
762 1021 972 1070 faciamus
1005 1020 1228 1081 officium3
1260 1025 1307 1070 in
1327 1040 1417 1087 quo
1437 1023 1645 1070 obedien-

241 1094 330 1140 tiae
362 1093 517 1137 veritas
548 1101 595 1136 et
613 1089 791 1137 libertas
821 1091 1030 1137 cernitur.
1099 1091 1184 1138 Sed
1212 1091 1266 1138 ad
1290 1090 1336 1137 id
1356 1088 1643 1138 efficiendum

244 1176 299 1207 ac
320 1156 686 1222 consequendum
707 1156 861 1204 eadem
879 1158 971 1204 fere
995 1158 1195 1222 prosunt,
1217 1175 1329 1222 quae
1349 1168 1450 1204 ante
1468 1157 1523 1204 ad
1542 1175 1646 1222 per-

248 1225 454 1279 suasionis
493 1235 538 1271 et
567 1228 804 1272 memoriae
836 1223 1101 1288 ἀσφάλειαν
1121 1230 1356 1290 praecepta
1375 1226 1487 1273 sunt.
1556 1226 1647 1271 Pri·
1676 1270 1682 1283 ,

242 1311 374 1342 mum
397 1294 486 1339 hoc
505 1291 642 1339 habet
660 1303 707 1339 et
727 1295 861 1339 animi
883 1291 1016 1339 nostri
1038 1303 1194 1340 natura
1211 1292 1402 1341 vuiuersa
1424 1290 1643 1339 beneficio

245 1361 423 1418 diuino,
462 1371 559 1406 tum
595 1360 684 1424 ipsa
713 1360 994 1422 cogitationis
1025 1361 1112 1418 vis,
1150 1371 1199 1408 vt
1225 1361 1454 1425 paullatim·
1483 1370 1645 1406 exuant

158 1489 166 1497 ι
243 1429 532 1477 acerbitatem
562 1426 682 1474 suam
712 1439 758 1474 et
787 1426 1055 1484 molestiam,
1095 1438 1305 1492 grataque
1342 1426 1452 1475 fiant
1481 1428 1644 1482 animo,

243 1514 356 1561 quae
377 1495 428 1542 ab
453 1513 507 1542 eo
527 1494 685 1543 assidue
704 1495 942 1556 cogitando
964 1495 1213 1550 trafilantun
1230 1495 1484 1560 praesertim
1505 1510 1646 1558 quum

244 1565 294 1614 id
324 1564 375 1611 fit
403 1563 458 1611 ab
491 1561 750 1611 induffione
781 1563 969 1627 quadam
991 1565 1141 1618 animi,
1174 1561 1402 1608 statuentis
1420 1579 1472 1608 ac
1493 1561 1644 1607 decer-
1672 1571 1679 1610 ἱ,

242 1634 392 1680 nentis
420 1648 563 1692 agere,
599 1630 722 1695 quod
756 1633 862 1691 agit.
928 1629 1103 1676 Deinde
1133 1647 1216 1684 τες,
1247 1628 1499 1692 praesertim
1531 1628 1646 1675 inni*

242 1699 386 1748 flbiles
414 1709 460 1745 et
485 1699 743 1763 spirituales,
778 1698 1023 1744 bonitatem
1054 1707 1100 1743 et
1124 1695 1502 1761 pulchritudinem
1523 1695 1644 1744 suam

243 1784 341 1816 non
373 1768 434 1813 ita
461 1769 508 1812 in
538 1775 721 1828 promtu
745 1776 790 1811 et
809 1761 931 1828 quast
952 1766 999 1810 in
1025 1764 1263 1827 propatulo
1293 1762 1537 1827 expositam
1554 1759 1666 1826 ‚ha-12*

243 1835 366 1894 bent,
398 1844 447 1882 vt
474 1850 564 1881 vno
591 1833 718 1878 velut
747 1849 796 1878 ac
825 1834 970 1895 primo
999 1833 1159 1878 mentis
1188 1834 1397 1878 contuitu
1415 1832 1682 1932 perspicue}

247 1911 455 1950 cernatur
474 1910 519 1948 et
541 1909 637 1946 tota
660 1900 878 1946 sentiatur.
937 1897 1221 1946 Consuetudo
1249 1897 1425 1944 accedat
1447 1908 1642 1962 oportet,

247 1981 296 2018 et
322 1968 440 2034 quasi
465 1968 752 2023 familiarium,
798 1984 879 2031 per
914 1984 1043 2031 quam
1074 1966 1302 2029 paullatim
1331 1964 1418 2011 sese
1446 1965 1643 2028 proferat

244 2036 603 2102 conspiciendam
643 2035 821 2090 clarius,
857 2042 902 2080 et
931 2034 1073 2082 multo
1103 2034 1264 2094 magis,
1306 2048 1406 2079 cum
1436 2033 1641 2080 suauitate

245 2107 394 2170 aliqua
420 2101 704 2152 sentiendam.
770 2106 874 2148 Nec
903 2120 952 2148 ea
982 2103 1109 2148 vnius
1141 2111 1331 2156 naturae,
1363 2099 1434 2147 vel
1461 2097 1654 2159 nostrae}

244 2174 318 2222 vel
348 2189 497 2220 rerum
515 2170 705 2234 ipsarum
735 2170 796 2217 vis
816 2167 897 2215 est:
932 2172 1073 2216 immo
1105 2169 1276 2233 spiritus
1297 2167 1436 2216 diuini
1460 2169 1530 2215 vel
1551 2185 1642 2214 ma-

245 2242 377 2297 xime,
409 2241 487 2304 qui
519 2232 626 2285 dum
646 2255 709 2292 ea,
742 2254 853 2300 quae
884 2235 938 2282 de
965 2236 1087 2283 libris
1114 2254 1136 2282 a
1165 2236 1208 2282 se
1227 2237 1347 2292 ortis,
1381 2235 1423 2282 h.
1443 2251 1479 2280 e.
1501 2234 1643 2283 verbo

244 2303 346 2364 Dei,
367 2308 510 2354 sumta
527 2306 640 2359 sunt,
660 2303 947 2351 obuersantur
967 2306 1119 2360 menti,
1141 2320 1223 2368 per
1242 2303 1522 2363 cogitationis
1542 2305 1640 2367 piae

248 2364 591 2422 diuturnitatem
618 2383 663 2419 et
692 2373 983 2436 frequentiam
1004 2370 1213 2418 admouet
1241 2368 1456 2418 efficacius
1475 2372 1641 2428 animo,

247 2455 295 2489 et
330 2442 382 2489 ad
410 2433 696 2508 persuasionis
724 2438 991 2494 firmitatem,
1023 2450 1068 2485 et
1097 2438 1149 2485 ad
1178 2437 1475 2502 perceptionis
1505 2437 1682 2492 suani-1

246 2520 397 2557 tatem.
466 2513 594 2556 Haec
622 2507 911 2555 consentanea
941 2505 1024 2554 esse
1054 2506 1239 2553 Dauidis
1267 2514 1313 2552 et
1326 2506 1575 2569 praeceptis
1595 2512 1642 2553 et
1674 2520 1682 2558 s

250 2577 464 2643 exemplo,
498 2578 574 2643 Ps
590 2579 630 2637 I,
655 2594 695 2627 2.
718 2586 764 2624 et
784 2576 878 2624 aliis
898 2576 1007 2624 locis
1023 2574 1237 2642 pluribus,
1265 2576 1422 2621 omnes
1442 2572 1625 2622 vident·
1678 2587 1682 2621 ’.

1486 2723 1563 2759 2².
1579 2709 1643 2755 Ita
