1682 3068
207 178 311 235 <138
545 185 612 219 na:
650 186 994 220 vaanenu-m
1017 168 1275 220 courcite

209 292 380 342 nebant
400 290 619 342 Christum
639 304 686 342 et
701 292 952 342 sacrificium
971 311 1054 359 pro
1073 294 1264 358 peccatis
1293 290 1485 342 nostris?
1535 295 1612 343 An

211 365 348 409 etiam
360 397 370 416 ,
415 363 490 426 qui
511 360 658 410 cibum
677 361 918 427 quemlibet
937 361 1029 409 fine
1059 361 1267 427 precibus
1286 363 1371 426 piis
1391 371 1437 408 et
1455 364 1610 423 gratia-

210 446 314 477 rum
333 425 506 477 afflone
523 431 701 495 accipit,
727 428 803 478 fibi
822 431 1065 496 perniciem
1087 429 1198 484 edit,
1221 431 1322 494 quia
1341 445 1436 476 non
1455 429 1613 476 discer-

198 498 282 547 .:nit
301 495 473 544 donum
490 490 598 555 Dei,
625 496 745 563 quod
762 514 866 556 cum
889 497 1096 562 precibus
1116 506 1162 544 et
1179 498 1421 560 gratiarum
1439 493 1613 544 afflone

207 562 478 612 sumendum
500 575 593 626 erat
615 581 636 612 1
664 567 773 613 Tim.
795 583 838 624 4,
860 582 898 623 5.
1478 588 1489 593 e

321 647 339 680 1
356 647 393 679 ι.
427 635 484 680 Et
503 633 610 680 haec
627 632 808 697 quidem
825 642 1086 694 argumenta
1104 628 1233 680 dussa
1251 631 1354 680 sunt
1371 649 1397 678 e
1418 628 1614 678 testimo-

205 701 298 750 niis
327 701 673 766 scripturarum:
715 700 768 748 ad
797 718 848 748 ea
872 702 1124 756 veniamus,
1167 716 1283 763 quae
1309 717 1335 748 a
1363 700 1429 746 rei
1456 709 1615 749 natura

207 778 444 835 petuntur,
486 767 577 816 hoc
595 765 676 822 est,
716 785 742 814 e
760 778 919 816 natura
946 769 1481 815 communiSacramenti.
1555 762 1615 814 Iu

208 853 306 900 quo
325 845 500 882 vtemur
519 837 747 901 principiis
780 846 954 884 tantum
973 838 1048 891 iis,
1085 838 1131 883 in
1149 835 1307 902 quibus
1335 833 1613 882 consentien-

208 912 280 951 tes
310 903 547 959 habemus,
582 904 669 966 {qui
697 905 745 949 in
773 901 910 952 caussa
947 904 1116 951 summa
1143 921 1168 950 a
1194 901 1338 950 nobis-
1351 901 1613 969 discrepant-z

165 979 168 994 ¹
207 972 407 1029 Primum
428 971 565 1031 igitur
587 971 781 1018 fatentur
799 971 1053 1026 nobiscum,
1093 973 1138 1017 in
1156 973 1436 1018 Sacramento
1456 970 1619 1035 aliquid

208 1041 359 1100 accipi,
388 1043 538 1086 bonum
557 1041 726 1102 aliquod
741 1040 958 1101 inuifibile,
1004 1037 1121 1086 vnde
1139 1036 1333 1086 frussum
1357 1053 1516 1101 capere
1534 1036 1616 1102 spi÷

206 1105 415 1156 ritualem
442 1104 627 1171 possint,
653 1107 727 1171 qui
745 1105 865 1155 reEIe
884 1117 1087 1154 vtantur:
1137 1104 1273 1170 idque
1293 1103 1536 1160 eiusmodi,
1562 1111 1615 1151 vt

205 1171 264 1222 fit
291 1175 576 1221 sacramento
606 1176 844 1239 proprium
873 1172 1046 1221 donum
1077 1189 1128 1220 ac
1158 1171 1450 1221 beneficium:
1491 1171 1617 1220 foret

209 1242 334 1288 enim
372 1241 474 1289 alias
506 1244 637 1288 inane
664 1252 712 1288 et
742 1241 1066 1308 superuacuum
1093 1243 1428 1288 Sacramentum
1457 1238 1623 1303 ipsum.-

207 1311 320 1356 Hoc
351 1319 500 1356 autem
527 1306 791 1366 constituto,
832 1325 1120 1373 quaeramuS,
1162 1307 1270 1373 quid
1300 1309 1538 1371 accipiatur
1567 1307 1616 1354 in

208 1380 365 1426 Coena
383 1376 523 1432 sacra,
564 1386 740 1440 praeter
758 1393 920 1441 panem
945 1386 992 1423 et
1010 1376 1187 1431 vinum,
1231 1372 1264 1421 fi
1283 1391 1376 1422 non
1403 1375 1617 1438 accipitur

201 1461 365 1492 verum
382 1460 546 1510 corpus
567 1455 613 1490 et
624 1460 755 1490 verus
772 1444 947 1505 sanguis
968 1439 1138 1497 Christi,
1157 1459 1184 1488 e
1202 1440 1348 1490 nostra
1366 1441 1615 1490 sententia?

208 1509 443 1569 Profesto,
509 1510 755 1559 secundum
787 1511 1157 1560 Reformatorum
1195 1514 1438 1564 rationem,
1505 1507 1617 1556 nihil

207 1581 458 1644 accipiunt,
501 1595 648 1643 neque
668 1580 745 1643 qui
763 1577 911 1634 τάξω
944 1594 1092 1642 neque
1110 1579 1188 1640 qui
1205 1577 1320 1624 male
1337 1586 1525 1624 vtuntur
1541 1579 1614 1623 Sa·

210 1659 468 1695 eramento:
493 1663 587 1694 non
608 1648 670 1702 hi,
689 1647 790 1709 quia
811 1661 932 1693 mera
953 1643 1149 1708 symbola
1168 1646 1406 1708 accipiunt,
1427 1643 1482 1690 de
1501 1643 1617 1708 ipso·

207 1731 313 1763 rum
334 1712 617 1761 confeffione.
671 1716 794 1759 Nam
814 1712 1001 1768 bonum,
1028 1710 1150 1774 quod
1169 1713 1418 1776 accipiatur,
1437 1719 1616 1775 ponunt

209 1784 258 1831 in
279 1778 556 1845 perfefflone
585 1791 631 1827 et
651 1779 1016 1828 corroboratione
1036 1778 1166 1834 fidei;
1208 1797 1320 1842 quae
1346 1781 1394 1826 in
1423 1796 1502 1826 eos
1519 1795 1616 1827 non

211 1850 346 1898 cadit.
379 1853 484 1896 Nec
493 1851 594 1913 plus
604 1850 828 1912 accipiunt
837 1845 956 1895 reste
968 1858 1140 1894 vtentes
1154 1863 1206 1892 ac
1216 1846 1379 1902 fideles,
1402 1843 1618 1911 quicquid.

210 1919 275 1966 illi
285 1916 445 1964 dicant.
475 1915 598 1963 Nam
610 1914 687 1962 sibi
698 1915 803 1963 dant
814 1913 892 1980 ipsi
899 1915 942 1962 id
954 1918 1295 1968 incrementum,
1307 1916 1457 1960 nonin
1471 1917 1616 1960 Sacra-

210 1995 369 2034 mento
380 2001 433 2032 ac
445 2001 525 2049 per
535 1986 865 2031 Sacramentum
877 1984 1020 2046 ipsum
1034 1984 1215 2047 proprie
1226 1982 1464 2046 accipiunt.
1487 1984 1615 2036 Quo·

211 2053 355 2101 modo
377 2055 496 2100 enim
515 2052 676 2098 volunt
703 2050 835 2097 fidem
856 2052 1007 2110 augeri
1029 2067 1110 2114 per
1140 2049 1229 2096 hoc
1251 2048 1618 2101 Sacramentum?

210 2124 401 2185 Nempe
430 2120 706 2180 cogitatione
733 2118 851 2166 fideli
880 2120 1038 2165 mortis
1067 2114 1225 2165 Christi
1260 2126 1308 2163 et
1333 2117 1497 2176 gratiae
1529 2114 1617 2162 Dei

211 2198 404 2257 propter
422 2188 552 2235 illam.
583 2192 646 2234 At
661 2188 939 2248 cogitationis
961 2186 1057 2232 talis
1079 2182 1372 2248 suscipiendae
1390 2183 1501 2230 nihil
1517 2182 1617 2229 sane

211 2266 391 2324 praeter
410 2255 771 2303 admonitionem
791 2270 874 2300 nec
892 2253 1060 2301 habent
1081 2252 1302 2316 symbola,
1347 2267 1433 2298 nec
1451 2248 1617 2296 habere

211 2322 413 2391 possunt,
445 2340 526 2387 per
546 2333 748 2370 naturam
767 2321 898 2368 suam.
970 2322 1193 2381 Cogitatio
1213 2329 1307 2367 tota
1325 2316 1387 2364 est
1409 2318 1619 2375 hominis,

214 2409 242 2439 a
260 2409 362 2456 qua,
405 2392 505 2455 quia
525 2388 835 2437 corroboratio
857 2388 960 2436 fidei
981 2388 1193 2444 nascitur,
1233 2401 1330 2433 eam
1349 2385 1490 2433 homo
1511 2383 1618 2431 fide-

215 2460 274 2507 lis
295 2460 456 2522 accipit
477 2476 501 2505 a
520 2458 574 2505 se.
614 2460 735 2519 Ergo
755 2454 862 2503 ficut
881 2454 1031 2503 fideles
1054 2466 1172 2502 extra
1193 2455 1461 2502 Sacramenti
1480 2452 1620 2511 vsum,

214 2542 485 2590 quacunque
508 2543 557 2571 re
570 2562 580 2582 ‚
616 2536 664 2572 vt
683 2523 801 2571 ditio
819 2525 967 2588 aliquo
986 2520 1201 2579 dostoris,
1237 2531 1316 2569 aut
1333 2518 1454 2581 flgno
1474 2521 1618 2567 crucis

217 2594 286 2640 vel
314 2592 501 2651 imagine
523 2590 703 2648 Christi,
741 2591 983 2649 admoniti,
1022 2590 1212 2654 suscepta
1240 2589 1315 2635 tali
1344 2588 1618 2648 cogitatione

214 2661 291 2726 pia
310 2658 489 2707 firmant
510 2658 585 2707 fibi
603 2671 650 2708 et
670 2671 836 2722 augent
858 2655 991 2706 fidem
1003 2694 1017 2717 ‚
1051 2673 1146 2706 non
1175 2674 1200 2704 a
1215 2671 1348 2709 truce
1365 2668 1410 2702 et
1426 2656 1618 2715 imagine

1509 2735 1620 2771 acci·
