1682 3068
209 164 305 213 350
370 176 383 195 κ
649 169 723 197 DE
760 169 1151 201 DISCIPLINA
1194 214 1199 227 »

205 271 268 320 τοὶ
287 268 356 322 τᾶν
376 265 474 322 ἴδιον
491 268 638 321 κὸπον.
673 291 695 321 1
723 275 915 323 Corinth.
937 279 1008 332 ΙΙΙ,
1040 288 1083 333 8.
1141 281 1247 333 Quo
1269 278 1373 328 loco
1393 291 1486 330 non
1505 285 1603 331 alie-

202 357 312 388 num
334 344 430 396 erit,
452 341 643 405 aliquem
664 357 858 390 errorem
880 344 948 390 vel
969 346 1159 391 eximere
1179 345 1394 413 deceptis,
1411 346 1484 397 vel
1500 367 1600 414 pro-

202 409 356 456 hibere
376 406 429 454 ab
451 410 510 462 iis,
545 410 620 471 qui
649 408 792 456 adhuc
819 411 920 458 sunt
940 411 993 458 ab
1017 428 1072 458 eo
1093 413 1268 475 integri.
1338 418 1451 462 Sunt
1469 422 1602 475 enim,

202 478 279 540 qui
298 474 386 522 hoc
406 472 623 539 χάρισμα
639 477 685 523 in
704 478 754 526 iis
775 478 843 524 vel
865 482 1067 536 maxime,
1087 481 1158 526 vel
1179 498 1323 546 prope
1343 483 1443 529 solis
1463 501 1600 546 agno⁴

202 544 338 601 scant,
370 555 576 610 quorum.
589 561 738 608 preces
757 546 913 609 plenae
932 546 1033 592 sunt
1051 548 1191 594 verbis
1214 551 1404 613 tropicis
1423 561 1469 596 et
1488 551 1598 613 figu—

187 613 327 666 ratiS,
378 611 630 674 praesertim
669 612 824 659 durius
853 625 928 659 aut
956 613 1162 662 hebraico
1206 633 1336 662 more
1363 620 1596 675 translatis,
1672 629 1682 664 ὲ

188 681 384 744 aliisque
413 689 450 726 e‘
471 679 672 725 ser-mone
692 678 1007 743 Mysticorum:
1044 684 1089 727 in
1112 681 1272 745 quibus
1301 683 1446 732 solent
1463 688 1595 734 etiam

184 764 308 802 eam,
345 760 474 810 quam
501 746 737 797 ani‘ionem
766 761 940 804 vocant,
971 749 1159 796 laudare.
1230 756 1359 807 Quae
1384 750 1456 815 est}
1475 771 1595 801 mera

196 816 316 862 fraus
346 814 583 862 hominum
614 816 728 861 male
764 814 1086 871 institutorum,
1124 828 1170 864 et
1203 819 1304 882 plus
1346 819 1596 884 phantasiae

193 881 668 946 tribuentium-quam
689 883 1025 943 intelligentiae,
1057 882 1108 930 ad
1130 902 1261 948 quam
1283 885 1382 932 sunt
1400 887 1592 935 referen-

196 951 250 996 da
271 951 440 997 omnia:
477 960 523 996 et
542 959 666 996 tanto
698 967 852 1014 preces
884 967 1084 1014 quaeque
1117 951 1216 999 sunt
1242 951 1294 998 a'd
1327 953 1462 1013 vsum,
1492 968 1590 1003 tum

190 1019 372 1082 piorum
394 1018 609 1070 omnium,
647 1027 743 1063 tum
764 1018 968 1081 inprimis
989 1019 1162 1082 populi,
1195 1018 1415 1076 meliores,
1452 1015 1589 1085 q'uan-

192 1095 252 1137 to¹
273 1084 420 1131 verbis
458 1085 680 1148 planiores
719 1084 839 1141 sunt,
880 1083 1140 1148 faciliusque
1166 1086 1504 1146 intelliguntur3
1545 1098 1593 1135 et

188 1163 320 1200 tanto
349 1153 538 1216 quisque
566 1152 698 1197 etiam
729 1153 874 1196 verius
904 1153 1116 1212 etxmagis
1135 1168 1161 1198 e
1180 1155 1257 1217 pio
1278 1154 1414 1200 corde
1434 1171 1588 1219 preca-

186 1230 274 1273 tur,
307 1230 482 1282 quanto
499 1217 831 1282 simplicioribus
852 1217 994 1265 verbis
1017 1221 1166 1279 vtitur.
1208 1225 1328 1268 Nam
1351 1221 1420 1268 illa
1437 1221 1585 1271 vnstio

187 1298 330 1334 artem
352 1287 423 1333 vel
443 1283 773 1332 affefilationem
794 1286 896 1342 olet,
927 1303 1035 1351 qnae
1056 1302 1149 1334 non
1178 1284 1241 1334 est
1263 1289 1469 1345 hominis,
1511 1290 1582 1336 de-

183 1356 419 1419 primentis
450 1354 491 1400 se
520 1370 668 1400 coram
707 1358 808 1400 Deo
838 1370 921 1419 per
957 1353 1126 1401 sensum
1153 1354 1383 1403 maiestatis
1415 1356 1583 1405 diuinae

183 1434 234 1468 et
256 1420 553 1468 necestitatum
573 1421 767 1478 suarum3
801 1422 1076 1485 propiorque
1098 1421 1160 1468 est
1181 1421 1418 1490 hypocrisi,
1450 1442 1582 1488 quam

183 1500 314 1536 verae
344 1500 392 1536 et
420 1491 619 1550 integrae
651 1492 815 1554 pietati.
885 1489 1123 1553 Reliquum
1143 1489 1226 1547 est,
1257 1503 1316 1547 vt,
1338 1496 1500 1556 quanta
1533 1495 1578 1538 in'

183 1559 273 1605 hac
301 1557 508 1622 precandi
539 1560 855 1604 exercitatione
885 1573 985 1619 pars
1015 1555 1067 1604 {it
1097 1558 1352 1622 disciplinae
1377 1557 1580 1606 Christia-

181 1643 277 1682 nae,
297 1642 407 1689 quae
433 1628 596 1689 pietate
615 1637 661 1671 et
685 1624 934 1671 obedientia
951 1623 1157 1670 aduersus
1177 1629 1334 1682 Deum,
1366 1627 1579 1689 omnique

179 1696 347 1740 virtute
374 1692 619 1739 exercenda
648 1695 856 1745 cernitur,
892 1690 1267 1738 demonstremus:
1301 1693 1422 1755 quod
1451 1693 1576 1739 facie-

180 1777 283 1808 mus
318 1772 485 1806 tamen.
515 1751 733 1815 bleuiter,
781 1775 863 1822 per
893 1759 1033 1822 capita
1062 1757 1200 1805 modo
1230 1775 1380 1807 rerum
1409 1761 1572 1809 eundo.

179 1829 452 1890 Incipiemus
475 1826 529 1873 ab
550 1827 708 1872 vltimo
730 1841 904 1886 genere.

276 1898 354 1956 56.v
383 1894 435 1940 ld
483 1905 632 1941 autem
671 1891 841 1940 eratin
868 1891 1110 1938 exercenda
1145 1891 1302 1939 fiducia
1333 1895 1379 1940 in
1410 1898 1571 1941 Deum.

176 1965 420 2010 Enimuero
457 1965 602 2009 omnis
629 1963 770 2024 pietas
801 1963 847 2006 in
869 1963 1019 2006 Deum
1043 1961 1160 2006 inea
1181 1958 1291 2006 inest
1309 1975 1404 2015 vna,
1437 1961 1570 2025 idque

173 2031 439 2092 intelligitur
457 2047 508 2076 ex
529 2028 621 2094 ipso
638 2030 729 2075 eius
752 2026 1029 2081 exercendae,
1049 2029 1110 2073 vti
1131 2044 1154 2073 a
1175 2027 1306 2073 nobis
1327 2027 1568 2093 descriptus

172 2096 245 2156 est,
281 2096 444 2145 modo:
480 2097 708 2144 admiratio
738 2105 784 2141 et
813 2095 1057 2141 reuerentia
1082 2093 1366 2158 perfeffionis
1385 2095 1567 2151 diuinae,

168 2184 286 2232 quae
323 2158 370 2212 in
406 2167 446 2211 vi
478 2167 570 2212 eius
600 2163 793 2218 infinita,
840 2163 1072 2226 sapientia,
1117 2164 1299 2209 veritate
1324 2174 1374 2208 et
1408 2161 1565 2215 iustitia

167 2235 378 2289 cernitur,
407 2243 452 2278 et
483 2249 607 2278 amor
637 2232 914 2292 benignitatis
946 2227 1219 2275 inexhaustae
1257 2229 1577 2294 paratissimae-1

166 2319 258 2368 que
277 2301 328 2347 ad
349 2300 464 2347 bene
493 2298 755 2346 faciendum.
822 2302 922 2343 Nec
940 2295 1001 2343 est
1023 2297 1104 2343 alia
1132 2295 1283 2351 causta,
1312 2313 1448 2360 quare
1467 2308 1562 2345 tan-

163 2379 238 2417 tae
256 2371 296 2415 ei
318 2367 465 2415 laudes
489 2372 534 2414 in
564 2367 783 2429 scripturis
812 2364 1075 2418 tribuantur,
1107 2374 1226 2410 tanta
1245 2367 1438 2427 praemia
1455 2379 1558 2430 pro-

162 2447 406 2502 ponantur,
439 2446 564 2482 tanta
591 2438 636 2481 in
665 2451 715 2480 ea
738 2432 787 2479 fit
816 2434 955 2493 gratia
991 2431 1107 2496 apud
1127 2434 1276 2477 Deum
1307 2441 1353 2477 et
1371 2435 1555 2495 precum

161 2503 426 2550 nostrarum·
440 2500 783 2550 commendatio.
854 2502 974 2560 Ergo
987 2532 998 2552 ,
1041 2500 1217 2562 quoties
1236 2494 1555 2544 'exercitatione

160 2571 245 2618 hac
272 2588 351 2634 per
378 2570 587 2635 precandi
626 2566 902 2615 occasionem
933 2568 1120 2621 vtimur,
1166 2575 1309 2611 totam
1339 2566 1552 2627 pietatem
1576 2583 1579 2586 ·

163 2654 438 2700 exercemus,
463 2636 808 2701 exercendaque
845 2636 1078 2682 excitamus
1098 2642 1156 2695 ‚et
1181 2630 1550 2680 corroboramus:
1571 2665 1574 2668 κ

1502 2710 1550 2747 et
