1682 3068
198 127 300 188 464
334 142 618 174 NARRATIO
659 141 887 174 carrica
923 143 987 173 nr.
1022 145 1539 179 mreurmtrauom:

205 249 530 303 Theodoretum,
563 250 639 314 qui
669 266 771 296 eum
803 251 848 296 in
871 248 939 296 his
961 250 1228 316 pierumque
1245 251 1416 300 secutus
1436 252 1513 312 est,
1541 272 1604 302 ra·

198 316 400 364 tionibus
422 317 581 363 iisdem
602 317 655 363 ad
679 314 1035 364 confirmandum
1067 320 1328 383 vsurpandis.
1400 309 1604 386 Exempli

199 383 340 432 caussa
359 386 529 447 vlegent,
567 387 643 448 qui
673 386 838 441 volent,
869 402 984 450 quae
1013 385 1065 431 ad
1094 387 1408 434 vindicandum
1426 387 1602 436 Christo

198 452 350 520 κυξίως
370 451 474 500 illud
499 453 654 514 Esiziae
675 470 712 499 c.
733 456 824 508 VII,
852 470 924 515 14.
945 452 999 500 ab
1020 465 1212 519 vtroque
1232 453 1455 503 dicuntur.
1588 462 1591 468 '

221 551 225 560 ·
298 521 381 567 Sed
401 521 455 568 ad
474 522 598 567 hunc
619 519 896 586 Chryffistomi
914 520 1178 585 discipulum
1201 525 1441 576 veniamus,
1478 524 1602 572 Trico-

144 588 152 603 “
201 592 406 646 duretam,
430 605 700 653 quamquam
720 599 768 634 et
796 588 1053 636 Theodorum
1075 599 1412 656 praeceptorem
1433 590 1603 638 habuit.
1677 629 1681 634 .

201 659 318 703 Eum
353 673 461 703 vero
488 656 541 703 ab
563 656 774 704 Theodori
800 657 973 703 ratione
999 655 1243 713 disceffiss'e,
1277 675 1467 722 eamque
1496 675 1603 706 cum

204 726 500 789 Chrysbflomo
531 726 733 785 mitigare
762 721 963 780 tentass‘e,
1009 726 1196 771 mediam
1229 727 1342 773 viam
1378 724 1603 790 quandam

199 793 434 849 tentando,
464 793 592 856 supra
621 793 705 838 iam
734 794 1015 849 monuimus,
1049 792 1201 856 estque
1230 794 1346 841 clara
1381 796 1476 840 eius
1499 810 1603 857 pro·
1655 850 1663 857 ι

199 859 328 907 fessio
346 863 391 907 in
407 861 550 924 pratf-
573 864 614 906 in
635 859 786 908 Comm.
814 862 855 904 in
878 859 1084 923 Pfixlmos‚
1115 877 1207 906 non
1235 862 1372 922 longe
1391 879 1414 907 a
1437 864 1607 925 princi-¹

200 931 291 994 pio,
327 945 430 976 cum
462 927 505 974 se
533 926 638 974 dicit
663 937 710 974 et
737 926 1110 986 Allegoricorum,
1140 939 1187 974 et
1214 946 1371 976 eorum
1393 928 1603 995 άμετςίοιν

199 1009 354 1061 gnare,
390 997 465 1059 qui
497 994 758 1059 prophetias
786 991 1007 1040 historiam
1041 994 1214 1051 faciant,
1251 997 1361 1043 nihil
1388 1000 1442 1043 ad
1473 999 1597 1044 Chri·
1676 1038 1682 1045 .

198 1061 314 1111 stum
338 1066 624 1128 pertinentes.
695 1065 845 1124 ltaque
866 1060 1030 1107 refellit
1050 1062 1174 1126 saepe
1193 1065 1239 1109 in
1261 1066 1600 1112 Commentariis

195 1137 243 1181 in
266 1137 317 1179 V.
340 1136 396 1178 T.
418 1132 652 1194 scriptores
676 1130 883 1175 Theodori
901 1131 1302 1192 interpretationes,
1321 1130 1481 1195 quibus
1499 1149 1602 1196 pro-

196 1201 295 1265 prie
314 1211 390 1245 aut
417 1200 606 1246 omnino
628 1195 682 1242 de
703 1195 876 1243 Christo
897 1194 1010 1244 dian
1026 1198 1293 1261 prophetica
1310 1199 1601 1260 intelligenda

196 1266 400 1328 negabat.
486 1270 590 1312 Nec
629 1275 776 1311 tamen
818 1280 978 1311 omnes
1010 1267 1195 1329 proprie
1223 1277 1270 1312 et
1300 1261 1506 1312 historice
1544 1267 1600 1314 de

194 1333 371 1381 Christo
393 1337 710 1398 interpretatur
729 1332 999 1397 prophetias,
1027 1332 1100 1379 sed
1120 1333 1326 1397 quasdam
1347 1336 1478 1381 etiam
1502 1351 1599 1400 my·

195 1402 313 1450 stice.
381 1400 461 1456 Τῆς
478 1399 746 1470 προφητικῆς
762 1396 995 1457 συνθήκης,
1018 1402 1162 1465 inquit
1181 1401 1312 1465 praef.
1332 1403 1378 1447 in
1398 1402 1475 1465 Es
1487 1420 1533 1463 p.
1555 1420 1598 1452 2,

198 1469 261 1521 τοὶ
289 1471 365 1533 μέν
395 1473 460 1525 &qa
491 1468 630 1534 σαφῆ
658 1467 730 1529 ιιαᾳΧ
747 1467 913 1531 γυμνήν
942 1469 1102 1530 ἔχοντα.
1133 1466 1203 1521 τήν
1229 1464 1425 1524 διάνοιαν,
1460 1470 1525 1518 ra*
1554 1465 1601 1519 δὲ

196 1546 412 1606 τροπικῶς
439 1538 633 1603 εἰρημένα.
661 1536 732 1597 καὶ
762 1533 979 1603 έξμηνεὶας
1011 1532 1203 1596 δεόμενα·
1236 1554 1289 1583 ex
1317 1554 1411 1602 quo
1430 1553 1604 1599 genere
1650 1597 1654 1599 Α

195 1606 299 1653 sunt
330 1605 511 1669 mystice
541 1604 663 1652 ditia.
734 1604 818 1650 Sed
847 1606 966 1651 illam
999 1605 1187 1651 mediam
1222 1607 1331 1672 viam
1362 1604 1596 1670 quomodo

196 1675 374 1723 secutus
403 1673 465 1725 fit,
501 1685 604 1720 ante
633 1675 902 1719 monuimus
975 1675 1078 1717 Nec
1099 1671 1237 1728 modo
1260 1689 1284 1718 a
1304 1673 1513 1719 Theodori
1529 1690 1595 1719 ra-

196 1745 401 1788 tione-in
429 1741 601 1787 Psalmis
631 1738 824 1796 discedit,
856 1737 928 1784 sed
957 1740 1091 1784 etiarn
1118 1738 1456 1804 Clzrysbstomum
1477 1740 1593 1787 dese-

195 1811 271 1865 rit,
303 1821 353 1856 vt
371 1810 445 1872 qui
463 1827 502 1854 v.
525 1825 560 1854 c.
587 1808 658 1870 Vs
677 1807 797 1852 CIX.
818 1817 966 1852 totum
986 1804 1143 1853 Christi
1172 1823 1328 1870 preces
1357 1805 1474 1853 facit.
1541 1810 1595 1853 In
1618 1840 1625 1849 .

196 1879 274 1940 Pfi
308 1873 529 1925 CXVIII.
551 1873 731 1920 similior
757 1871 819 1919 est
837 1874 1148 1938 Chryfhflomo,
1179 1872 1250 1920 sed
1270 1871 1498 1936 mysticam
1521 1890 1597 1939 pa-

119 1964 123 1967 *
193 1947 299 1992 riter
316 1948 534 1992 rationem
555 1943 760 2006 sequitur.
828 1946 949 1987 Nam
972 1942 1194 2004 hymnum
1219 1941 1406 2005 quidem
1424 1940 1594 1989 histori-

196 2030 248 2059 c-e
278 2012 436 2060 tribuit
465 2010 632 2058 Iudaeis
673 2007 855 2056 reue-riis
893 2005 938 2055 in
977 2012 1184 2074 patriam,
1226 2019 1426 2056 ceterum
1454 2009 1606 2070 magie-

196 2097 446 2142 congruere
468 2080 549 2134 his,
578 2079 654 2142 qui
676 2094 702 2124 e
722 2074 931 2135 gentibus
964 2075 1205 2131 credidere,
1241 2075 1363 2142 quod
1381 2068 1428 2124 in
1447 2095 1502 2124 eo
1522 2093 1594 2123 res

193 2150 360 2196 horum
410 2150 565 2212 potius
595 2143 877 2191 adumbratae
906 2143 999 2190 [int.
1078 2150 1230 2208 Atque
1259 2146 1388 2191 huius
1417 2147 1593 2206 generis

194 2216 404 2280 exempla·
417 2217 513 2262 sunt
535 2214 764 2278 permulta.
832 2216 880 2257 In
910 2212 1141 2277 prophetis
1169 2211 1351 2260 eandem
1373 2214 1593 2260 rationem

194 2295 341 2341 tenet,
378 2282 602 2330 interdum
640 2293 787 2327 tamen
826 2278 1027 2327 historice
1065 2279 1224 2337 modo,
1272 2278 1362 2326 fine
1391 2277 1594 2345 respestu

193 2352 283 2398 vllo
303 2351 355 2398 ad
377 2349 595 2398 Christum
625 2351 956 2411 interpretatur,
990 2350 1036 2394 in
1058 2347 1219 2410 quibus
1237 2348 1310 2395 alii
1328 2347 1592 2395 alterutrum

192 2419 463 2474 defendunt,
493 2418 614 2464 velut
642 2417 767 2463 Zach.
784 2415 871 2470 Vl,
901 2429 970 2464 12-
1000 2431 1135 2479 quem
1166 2417 1317 2462 locum
1337 2413 1592 2480 simpliciter

192 2485 248 2532 de
279 2504 368 2533 vno
397 2483 685 2541 Sorobabele,
728 2480 842 2531 καθ’
869 2480 1048 2549 ἱςοςίαν,
1087 2485 1268 2548 accipit,
1300 2481 1390 2530 {ine
1418 2481 1509 2530 vflo
1535 2479 1590 2528 ad

137 2603 140 2609 r
192 2552 413 2600 Christum
445 2549 673 2616 respestu,
716 2566 849 2615 quem
887 2551 959 2598 alii
986 2553 1032 2598 in
1061 2568 1117 2600 eo
1143 2553 1246 2599 loco
1274 2546 1588 2615 agnoscebant,

131 2614 135 2620 ¹
188 2632 238 2670 vt
257 2620 308 2667 fit
325 2624 456 2668 etiam
478 2636 613 2668 nune.⁴
640 2635 642 2637 ’
843 2648 845 2650 -
1063 2666 1077 2671 Α,
1113 2647 1118 2652 -
1261 2642 1267 2648 ·
1307 2630 1325 2652 '2
1386 2620 1392 2629 “

288 2708 293 2713 ’
357 2692 359 2694 ’
1382 2684 1587 2733 Omnino
