1682 3068
194 147 295 196 320
638 147 719 190 *DE
763 148 1146 182 nlsoenmluA

192 263 303 317 gent
330 253 563 319 scripturas
584 251 781 311 diuinas,
821 253 892 302 sed
913 258 1066 312 etiam,
1106 254 1138 303 fi
1170 258 1244 321 qui
1273 257 1426 318 legent
1452 259 1597 314 libros·

189 323 437 377 humanos,
470 333 518 368 vt
536 318 786 378 historicos,
815 325 1020 388 po‘e'ticos
1040 335 1124 370 cet.
1142 326 1188 370 in
1211 326 1371 388 quibus
1392 327 1594 389 proderit

188 406 286 436 non
308 386 474 453 parurn,
502 386 534 435 si
553 385 740 450 magistri
761 388 1063 438 demonstrent
1081 391 1281 438 sensuum
1300 392 1594 451 altitudinem,

190 454 491 512 honestatem,
522 455 913 522 pulchritudinem,
945 476 1028 505 nec
1048 458 1186 506 modo
1207 476 1343 523 quum
1364 477 1388 506 a
1409 461 1592 525 scripto—

186 522 313 572 ribus
338 523 498 572 diserte
516 535 861 589 proponuntur,
903 535 952 573 vt
979 524 1030 572 fit
1052 526 1198 590 saepe-,3
1266 526 1337 573 sed
1380 530 1511 579 etiam
1547 529 1593 576 in

192 593 405 654 exemplis
426 593 639 639 virtutum
662 602 708 638 et
735 592 979 657 praeclare,
1017 591 1059 638 h.
1082 611 1118 641 e.
1149 611 1251 640 cum
1274 603 1507 642 contemtu
1525 611 1594 642 re-

189 677 292 708 rum
315 661 628 715 humanarum,
674 661 744 707 vel
775 659 1067 707 admiratione
1094 672 1140 707 et
1168 679 1320 709 amore
1339 665 1449 719 Dei,
1490 663 1590 711 reli.-

188 728 379 789 gionis,¹
400 725 523 780 fidei,
558 723 690 773 officii
710 725 942 775 faa-orum.
1550 752 1553 754 ·

290 811 366 852 2-5.
410 792 631 840 Dostores
652 800 796 842 au'tem
819 792 1056 851 Ecclefiae,
1087 812 1276 859 quorum
1294 798 1340 843 in
1360 805 1501 844 aetate
1521 795 1591 844 ad-

187 863 280 911 vlta
300 863 486 908 maxime
506 871 753 926 occupatur
772 861 987 918 officium,
1032 863 1085 909 ad
1118 864 1232 911 hanc
1253 863 1429 928 quidem
1459 866 1590 912 ratio-

183 946 314 985 nem,
358 930 383 975 i.
406 946 442 975 e.
466 927 613 993 quoad
640 930 686 975 in
713 929 968 976 hominibus
988 930 1041 976 ad
1068 932 1283 994 pietatem
1313 943 1357 978 et
1377 935 1588 980 virtutem

184 994 475 1046 Christianam
501 995 771 1044 adducendis
810 997 1036 1054 laborant,
1082 1001 1271 1045 maxime
1306 1010 1352 1046 et
1387 992 1588 1063 inprimis

184 1063 282 1113 hoc
300 1073 436 1126 agent
454 1065 507 1110 ini
524 1063 858 1119 concionando,
899 1075 947 1112 vt
969 1062 1054 1110 istis
1075 1064 1262 1112 sensibus
1287 1066 1490 1113 omnibus
1511 1070 1590 1114 im-

184 1130 530 1180 buantanimos
568 1131 866 1187 audientium,
919 1149 998 1179 eos
1031 1132 1450 1192 commemorando,
1498 1134 1588 1180 lau-

186 1198 360 1256 dando,
412 1208 458 1245 et
491 1215 573 1264 per
600 1197 760 1245 idonea
786 1209 1045 1258 argumenta
1069 1200 1450 1257 commendando,
1503 1217 1588 1247 nec

182 1265 325 1315 modo
349 1283 490 1329 quum
511 1269 695 1331 proprie
717 1265 772 1312 de
802 1267 951 1329 aliquo
973 1283 1130 1313 eorum
1158 1274 1322 1327 genere
1341 1278 1416 1314 aut
1435 1266 1586 1316 officio

183 1336 335 1399 aliquo
356 1333 505 1381 dicere
524 1331 775 1388 instituent,
809 1333 878 1379 sed
904 1335 1034 1379 etiam
1057 1351 1138 1397 per
1158 1350 1315 1382 omnes
1335 1335 1437 1384 alias
1460 1352 1588 1389 occa-

179 1400 353 1458 fione53
386 1415 527 1466 quum
546 1401 602 1447 de
622 1399 837 1464 capitibus
859 1399 962 1448 fidei
982 1401 1139 1455 dicent,
1169 1401 1222 1447 de
1241 1402 1504 1462 Euangelio,
1530 1401 1586 1448 de

158 1503 159 1507 =
180 1468 304 1519 fastis
327 1467 482 1516 Christi
503 1479 548 1516 et
567 1466 828 1531 Sanstorum
841 1505 852 1524 ,
882 1486 993 1534 quae
1014 1471 1060 1516 in
1081 1469 1308 1534 scripturis
1325 1468 1585 1527 traduntur3

180 1537 256 1588 vbi
275 1539 406 1584 etiam
435 1536 598 1583 facient
620 1534 854 1583 efficacius.
952 1540 1106 1600 Itaque
1126 1539 1202 1600 qui
1222 1538 1346 1584 volet
1366 1538 1450 1584 hac
1469 1537 1586 1583 disci-

179 1606 335 1672 plinae
355 1615 481 1668 parte
501 1615 593 1665 tam
614 1602 847 1651 necessaria
869 1621 924 1650 eo
944 1604 1083 1650 modo
1105 1606 1188 1660 vti,
1235 1603 1351 1652 hanc
1377 1594 1451 1649 fibi
1480 1620 1583 1667 pro-

181 1675 325 1739 priam
354 1670 591 1719 constituat
626 1682 800 1735 partem
828 1670 1124 1719 discendarum
1139 1702 1145 1721 A·
1166 1679 1213 1716 et
1253 1669 1585 1720 scrutandarum

180 1741 494 1805 scripturarum
508 1775 518 1795 ‚
562 1747 610 1785 vt
627 1740 726 1785 illos
747 1738 891 1784 sensus
908 1740 955 1784 in
977 1739 1222 1802 scripturis,
1256 1739 1326 1785 vel
1345 1755 1427 1801 per
1458 1755 1584 1802 prae-

180 1818 333 1873 cepta,
364 1807 434 1853 vel
453 1823 533 1871 per
554 1805 750 1870 exempla
769 1803 1046 1870 propositos,
1087 1814 1241 1860 notet,
1285 1805 1338 1852 ad
1360 1815 1479 1852 certa
1512 1823 1580 1854 ca·

118 1920 126 1925 ,
178 1877 274 1941 pita
290 1874 481 1935 redigat,
527 1891 663 1937 eaque
692 1874 871 1936 penitus
902 1872 1106 1935 percursa
1138 1871 1314 1927 habeat,
1357 1884 1404 1920 vt
1431 1883 1581 1937 parata.

177 1942 234 1994 {it
260 1944 467 1990 materiae
493 1942 645 2006 copia,
690 1939 806 1987 vnde
831 1940 1022 1997 sumere,
1075 1940 1253 2004 quando
1284 1949 1330 1986 et
1359 1951 1578 2003 quantum

177 2027 296 2075 opus
316 2007 380 2067 fit,
412 2008 556 2074 possit,
587 2018 634 2054 et
653 2025 759 2054 vero
779 2009 909 2053 etiam
928 2011 974 2053 in
995 2009 1164 2071 primis,
1198 2017 1250 2058 vt
1263 2006 1354 2072 ipse
1372 2005 1460 2055 istis
1482 2008 1578 2056 sen-

175 2078 291 2129 sibus
310 2080 467 2144 plenus
490 2086 536 2124 et
556 2076 745 2123 refertus
766 2073 833 2131 fit,
858 2074 986 2124 etad
1015 2076 1292 2132 memoriam,
1329 2084 1375 2120 et
1405 2073 1459 2121 ad
1487 2077 1576 2123 ani-

176 2163 317 2196 mum.
385 2149 449 2192 Ita
467 2145 658 2199 facilius,
694 2153 823 2206 atque
848 2145 979 2190 etiam
1000 2159 1102 2190 cum
1123 2160 1178 2189 eo
1196 2143 1330 2189 animi
1349 2152 1488 2196 motu,
1517 2159 1573 2190 eo

174 2216 299 2262 vocis
321 2213 456 2267 sono,
488 2229 541 2259 eo
561 2211 688 2260 vultu
706 2210 846 2269 dicet,
874 2221 921 2257 vt
941 2212 1103 2266 omnia,
1137 2227 1231 2257 non
1249 2221 1338 2268 tam
1357 2227 1380 2255 a
1401 2225 1573 2257 memo-

176 2285 240 2330 ria
267 2280 564 2346 suppeditata,
617 2295 748 2342 quam
779 2277 831 2325 ab
860 2278 952 2342 ipso
983 2276 1164 2344 pestore
1194 2287 1294 2324 nata
1322 2275 1572 2334 videantur3

162 2349 305 2414 -quod
326 2349 400 2396 hic
417 2350 606 2399 maxime
627 2346 806 2393 disertos
826 2346 946 2394 facit.
1048 2349 1152 2391 Nec
1171 2361 1274 2393 vero
1302 2346 1381 2399 ita,
1426 2360 1570 2408 quum

173 2418 220 2464 se
240 2417 294 2463 ad
314 2414 570 2463 discendum
591 2412 810 2470 instituet,
851 2411 1063 2474 indigebit
1090 2429 1362 2476 magnopere
1380 2411 1567 2460 aliorum

171 2484 465 2547 scriptorum,
533 2483 854 2546 sapientiaeque
897 2492 943 2528 et
983 2483 1150 2542 ingenii
1180 2479 1360 2526 humani
1398 2478 1566 2526 auxilio.

170 2553 350 2599 Etenim
369 2553 490 2615 pleni
518 2551 618 2597 sunt
635 2548 737 2596 libri
756 2550 860 2596 sacri
882 2549 949 2595 his
968 2547 1157 2595 sensibus
1176 2546 1402 2602 omnibuS,
1442 2547 1566 2610 pleni

163 2620 366 2686 inprimis
377 2618 578 2667 Dauidici
598 2618 770 2682 hymni,
783 2617 1032 2666 Salomonis
1054 2615 1371 2664 sententiarum
1393 2622 1440 2690 et
1460 2630 1565 2660 con·

1378 2696 1563 2730 cionum
