1682 3068
190 185 283 233 282
494 186 799 223 vmmcxmz‘
820 183 1076 222 Anam-1211
1113 191 1291 223 mvxm

185 308 313 366 perat·
332 315 450 353 rem,
478 309 527 346 vt
550 314 640 344 non
663 295 901 345 intercedat
918 299 988 344 vis‘
1003 296 1195 353 infinita,
1234 313 1348 362 quae
1372 296 1499 344 tollat
1517 313 1581 344 re-

185 386 286 415 rum
306 376 509 414 naturam
528 375 574 411 et
593 365 745 412 seriem
764 366 818 412 ab
839 365 936 429 ipso
954 362 1195 411 institutam
1208 399 1218 418 ‚
1243 381 1328 412 nec
1347 366 1498 411 tamen
1518 367 1585 412 in-

185 434 337 482 stituta
358 438 452 480 eius
476 435 533 480 ita
561 433 649 497 ipsa
667 432 817 480 indole
835 433 928 490 sua,
971 431 1250 495 temporibus
1271 448 1322 478 ac
1341 431 1470 490 locis,
1508 450 1586 497 pu·

186 514 326 563 gnent
345 518 448 548 cum
470 512 622 547 natura
640 517 790 548 rerum
804 537 814 557 ,
855 511 903 547 vt
922 499 976 547 ab
993 517 1043 546 ea
1062 498 1228 562 poffint
1246 497 1470 563 impediri,
1513 501 1586 548 sed
1631 516 1635 519 “
1668 526 1671 533 ·

185 571 382 618 habeant
413 566 651 616 successum
679 569 931 615 faciliorem.
1028 572 1178 630 Atque
1205 568 1336 614 huius
1364 569 1428 615 rei
1449 567 1586 615 docu-

184 649 387 685 mentum
409 634 584 684 videtur
599 634 686 681 effe
707 638 751 682 in
772 652 826 682 eo
848 636 952 697 ipso,
968 633 1024 680 de
1045 652 1135 698 quo
1155 635 1423 699 quaerimus.
1466 641 1582 685 Cum

185 708 245 752 ita
263 703 536 770 praedistum
554 701 659 749 effet
678 721 701 750 a
722 702 958 767 Prophetis
978 699 1182 749 instinstu
1200 702 1370 758 diuino,
1402 701 1584 750 Meffiae
1609 721 1615 728 ·
1681 687 1682 700 ἵ

185 791 378 834 regnum
411 771 522 819 fines
560 770 818 818 habiturum
857 769 1038 817 eosdem
1077 786 1178 816 cum
1212 768 1322 816 orbe
1350 778 1584 828 terrarum,

187 843 370 904 eiusque
403 837 670 886 salutiferam
703 835 951 884 desti-inam
981 837 1034 884 ad
1056 853 1213 883 omnes
1244 848 1402 897 gentes
1430 849 1584 885 ventu-

185 925 305 963 ram,
344 917 390 954 vt
408 924 519 969 quae
545 906 598 953 ad
628 906 805 953 salutem
828 907 1035 952 omnium
1065 903 1155 951 sine
1175 903 1420 951 discrimine
1439 905 1583 952 homi-

184 992 295 1023 num
317 976 587 1039 pertineret·,
625 974 832 1037 sapientia
858 973 1008 1020 diuina
1036 989 1131 1018 rem
1158 974 1219 1018 ita
1249 971 1478 1019 moderata
1511 971 1583 1030 est,

184 1054 235 1090 vt
256 1060 307 1089 ea
325 1043 589 1106 propagatio
611 1038 838 1088 dostrinae
851 1037 1006 1088 christi
1026 1057 1156 1104 quam
1179 1041 1367 1086 maxime
1388 1057 1490 1088 cum
1509 1057 1581 1087 na-

183 1118 283 1158 tura
302 1126 452 1156 rerum
472 1111 762 1156 humanarum
778 1145 789 1164 ,
818 1108 861 1154 h.
882 1125 918 1153 e.
941 1109 1129 1168 ingeniis
1148 1107 1351 1155 humanis
1365 1143 1376 1162 ‚
1406 1118 1584 1172 tempo·

182 1177 303 1226 ribus
324 1194 373 1224 ac
391 1178 501 1224 locis
521 1177 805 1223 consentiret.
836 1175 888 1221 Id
911 1172 1028 1221 effici
1047 1173 1215 1222 duabus
1237 1174 1368 1222 rebus
1384 1187 1581 1240 poterat:

183 1248 394 1311 primum,
425 1243 457 1291 fi
474 1262 524 1290 ea
539 1241 753 1291 incideret
772 1246 818 1289 in
838 1254 1045 1307 tempora
1063 1244 1177 1298 talia,
1209 1259 1319 1306 quae
1330 1244 1402 1290 sua
1422 1243 1584 1308 sponte

184 1313 350 1360 aditum
374 1314 419 1357 in
441 1329 599 1359 omnes
619 1324 760 1358 terrae
779 1320 924 1374 partes
943 1310 1098 1357 darent
1114 1311 1186 1365 iis,
1228 1326 1311 1373 per
1338 1327 1451 1374 quos
1479 1312 1584 1374 pro-

182 1389 432 1445 pagaretur,
450 1377 554 1437 siue,
573 1377 605 1424 fi
617 1379 768 1425 diuina
788 1379 997 1441 sapientia
1018 1380 1075 1423 ita
1095 1389 1371 1441 praepararet
1387 1380 1433 1425 in
1451 1377 1583 1425 rebus

183 1448 388 1495 humanis
418 1450 590 1501 omnia,
639 1457 686 1492 vt
713 1448 887 1492 munita
915 1446 1014 1492 satis
1050 1443 1156 1492 effet
1186 1447 1253 1491 via
1279 1443 1585 1509 progreisurae

184 1514 536 1580 quaquauersum
555 1511 780 1561 destrinae
802 1511 981 1560 Christi:
1018 1511 1193 1568 deinde,
1211 1510 1242 1558 fl
1260 1512 1351 1576 ipsa
1372 1511 1583 1570 dogit-ina,

185 1582 334 1648 quoad
360 1580 477 1630 salua
494 1584 663 1630 summa
693 1579 933 1642 (essentia)
965 1582 1060 1626 eius
1081 1580 1175 1627 fieri
1206 1578 1368 1642 posset,
1409 1595 1584 1627 accom-

184 1651 442 1699 modaretur
461 1649 740 1714 temporibus
761 1648 856 1703 illis,
887 1647 978 1695 hoc
995 1645 1067 1703 est,
1087 1648 1274 1707 ingeniis
1293 1647 1584 1711 populorum,

183 1716 488 1785 sensibusque,
521 1729 570 1764 vt
589 1715 691 1762 inde
712 1715 822 1761 nihil
841 1715 904 1770 ei,
941 1723 1016 1762 aut
1035 1730 1167 1778 quam
1187 1715 1424 1761 minimum
1446 1717 1584 1783 impe-

186 1785 391 1841 dimenti,
431 1783 707 1831 obiiceretur.

282 1869 360 1911 93.
399 1855 487 1899 Iam
518 1851 642 1917 quod
672 1851 723 1897 ad
752 1851 947 1914 primum
977 1848 1166 1904 attinet,
1206 1847 1268 1895 est
1299 1849 1399 1897 sane
1420 1851 1582 1914 perspi·

185 1937 345 1977 cuum,
373 1930 420 1966 et
438 1938 462 1967 a
481 1919 678 1984 pluribus
697 1916 1067 1973 animaduersum,
1106 1927 1152 1963 et
1180 1934 1204 1963 a
1234 1914 1366 1963 nobis
1392 1919 1438 1964 in
1458 1918 1580 1981 Insti-

186 1993 346 2038 tutione
368 1992 553 2050 Interpr.
587 1990 649 2036 N.
673 1988 774 2048 ΤΡ.
801 2001 909 2033 211.
940 2001 1012 2031 12.
1042 1985 1343 2042 admonitum,
1382 1986 1430 2030 in
1462 1988 1583 2032 uotis

183 2058 269 2103 illis
291 2054 630 2115 migrationibus
651 2055 940 2101 Israelitarum
964 2053 1010 2098 in
1034 2051 1267 2115 Affvriam,
1305 2050 1582 2109 Chaldaeam,

183 2141 326 2185 regna
356 2124 705 2176 Seleucidarum,
747 2120 1028 2183 Lagidarum‚
1078 2121 1328 2185 vicinasque
1363 2122 1582 2181 regiones,

187 2191 402 2254 denique,
460 2191 513 2237 ab
535 2189 724 2237 -foedere
761 2206 864 2236 cum
890 2189 1100 2236 Romanis
1129 2189 1262 2245 inito,
1315 2203 1398 2251 per
1424 2200 1590 2235 omnes‘

183 2260 396 2323 deinceps
417 2260 598 2325 Imperii
618 2259 806 2305 Romani
829 2266 998 2322 partes,
1043 2266 1109 2312 et,
1155 2253 1354 2302 conceffa
1379 2271 1403 2300 a
1423 2257 1586 2302 Roma·

184 2329 254 2375 nis
287 2326 491 2374 libertate
517 2327 743 2386 religionis
772 2326 862 2371 ritu
890 2324 1034 2388 patrio
1065 2324 1300 2380 colendae,
1338 2323 1470 2368 etiam
1503 2340 1584 2386 per

184 2404 438 2441 conuentus
458 2394 678 2440 sac-rorum
712 2391 851 2439 caussa
878 2392 989 2438 locis
1021 2390 1212 2455 publicis
1240 2405 1290 2437 ac
1315 2389 1584 2438 solemnibus

184 2461 438 2516 habendos,
476 2456 885 2526 praemunitionem
919 2458 1137 2523 quandam
1169 2477 1191 2505 a
1219 2457 1497 2521 prouidentia
1525 2458 1585 2504 di-

183 2530 286 2575 vina
305 2527 461 2575 fafi'cam
494 2531 552 2574 ad
581 2529 752 2576 facilem
784 2539 829 2574 et
856 2529 1042 2574 celerem
1071 2527 1295 2585 religionis
1308 2521 1582 2587 'Christianae

182 2599 570 2664 propagationem,
607 2613 710 2643 cum
730 2612 782 2642 ea
796 2613 865 2643 res
886 2593 1106 2660 Apostolis
1129 2592 1297 2639 aditum
1317 2591 1488 2638 facilem
1510 2592 1583 2640 da·

183 2672 276 2724 ret,
317 2680 411 2713 non
442 2663 582 2713 medo
609 2664 662 2715 ad
691 2664 840 2714 omnia
872 2662 1036 2730 oppida
1063 2660 1174 2710 culti
1203 2659 1322 2708 orbis
1350 2669 1580 2717 terrarum,

1388 2744 1581 2793 quorum
