1682 3068
457 173 508 193 ¹>
543 166 1010 202 ·''CBRIS'1⁸1ANA
1404 166 1501 215 353

106 276 331 347 cogitandi
350 292 517 344 genere
531 272 742 327 libentius
764 291 814 324 ac
833 277 1000 343 saepius
1022 285 1263 326 vterentur.
1291 265 1522 326 Siautem¹

27 364 44 371 '·
104 354 159 402 ad
179 370 274 399 eam
293 351 426 406 etiam
447 365 473 395 a
489 348 662 412 pueris,
698 359 783 409 per
810 348 1048 410 parentum
1065 347 1135 393 vel
1156 355 1502 411 praeceptorum

0 431 23 473 ³1,
104 417 413 482 Ecdessaeque
443 411 680 462 dos-lorum
709 410 1031 460 institutionem
1063 425 1110 461 et
1137 414 1292 460 auxilia
1319 411 1505 460 adduce-

105 498 265 536 rentur
273 506 288 542 ς
317 479 517 550 profesio
537 479 744 528 credibile
761 476 834 534 est,
853 482 984 527 etiam
1005 495 1242 528 numerum
1265 482 1505 530 hominum

106 550 355 602 sanstomm
374 551 512 610 longe
528 551 758 604 maiorem,
778 565 911 612 quam
931 563 1053 594 nunc
1070 548 1151 604 est,
1182 549 1293 605 fore,
1324 558 1370 596 et
1389 549 1507 596 mula

106 634 175 670 tas
194 616 462 684 comptelas
482 619 597 663 vitae
617 627 752 680 atque
769 632 947 662 morum
970 631 1063 663 non
1084 628 1174 662 tam
1198 615 1344 663 faciles
1364 615 1508 665 aditu:

108 688 165 737 ad
182 685 350 742 animos
367 685 611 732 iuuentutis
630 685 856 731 habituras
877 681 972 730 esse.
1055 687 1162 738 Quo
1186 688 1323 744 magis
1345 696 1507 748 optanae'

39 756 42 759 ’
110 755 219 804 dum
235 752 308 811 est,
327 764 381 800 vt·
395 763 444 799 et
460 753 572 799 haec
590 767 694 816 pars
714 751 963 816 disciplinae
982 749 1247 799 Christianae
1266 766 1368 798 cum
1388 762 1507 800 cete-

108 821 485 884 rireognoscatur
510 817 674 867 restius
685 855 699 877 ,
750 829 798 866 et
834 819 1178 869 commendetur
1214 823 1411 881 grauius,
1459 828 1510 868 eff

237 901 341 940 etur
366 886 574 936 crebriusa
614 934 620 937 ,
1503 907 1506 914 ·

112 1001 124 1006 -
178 985 182 995 ·
208 964 286 1005 σο.
320 953 664 1004 Conclusionem
685 952 845 1004 habeat
862 952 1098 1022 disputatio
1131 953 1269 1008 hanc,
1310 967 1424 1019 quae
1455 953 1508 1002 sit

107 1026 157 1072 in
175 1023 568 1086 commendatione
589 1026 870 1085 cogitationis
893 1037 938 1071 et
958 1024 1261 1071 meditationis
1271 1023 1511 1070 vniuersae.

109 1095 231 1140 Nam
246 1090 292 1150 fi,
310 1092 523 1156 quicquid
541 1090 603 1139 est
622 1105 714 1139 non
734 1093 871 1139 modo
892 1093 1266 1140 exercitationum.
1287 1090 1357 1138 sed
1375 1094 1512 1137 etiam

111 1162 299 1209 omnino
317 1159 591 1224 disciplinae,
629 1157 738 1208 sicut
754 1179 778 1207 a
800 1160 930 1207 nobis
954 1161 1160 1226 explicata
1180 1159 1240 1207 est
1253 1195 1264 1215 ‚
1304 1162 1351 1206 in
1370 1171 1512 1206 vnum

112 1228 456 1284 contulerimus,
494 1227 709 1274 summam
730 1242 910 1275 omnem
928 1227 1013 1276 ess'e
1032 1229 1303 1292 reperiemus
1323 1230 1370 1274 in
1390 1229 1514 1287 cogi⁴

113 1297 298 1342 ationis
326 1305 373 1341 et
391 1293 691 1342 meditationis
708 1295 942 1357 “diligentia
971 1309 1018 1342 et
1044 1295 1303 1359 frequentia.
1407 1298 1523 1342 Neo*

114 1377 223 1409 vero
241 1359 304 1408 est
320 1348 530 1426 vlla‘pars
558 1364 808 1423 religionis,
851 1366 972 1410 cuius
1002 1365 1154 1426 vtique
1182 1364 1362 1427 propria
1395 1360 1518 1408 sedes

117 1428 182 1476 est
200 1430 247 1476 in
264 1430 435 1486 animo,
478 1445 591 1493 quae
622 1447 715 1477 non
737 1430 854 1476 hanc
882 1430 1105 1491 cogitandi
1134 1440 1181 1476 et
1211 1427 1514 1477 considerandi

117 1493 404 1549 assiduitatem
422 1507 469 1544 et
488 1499 833 1544 contentionem
850 1500 1065 1562 requirat,
1095 1496 1302 1562 beneque
1324 1501 1365 1544 S.
1381 1499 1516 1544 Herm

117 1566 274 1614 narrans
299 1567 343 1611 in
363 1566 585 1631 principio
605 1568 752 1630 operis
782 1570 832 1612 de
851 1567 941 1614 Con
972 1570 1185 1614 deratione
1210 1569 1272 1627 (1,
1299 1567 1372 1627 7.)
1402 1565 1519 1612 sum·

116 1647 239 1680 mam
256 1633 430 1679 virtutis
449 1643 495 1679 et
524 1633 751 1693 religionis
772 1649 798 1679 a
816 1650 902 1680 con
922 1633 1170 1680 ideratione
1190 1633 1385 1697 pendere
1412 1631 1521 1678 iudi·

119 1708 214 1756 cat,
243 1703 369 1764 eique,
397 1704 468 1765 qm·
485 1717 568 1748 non
585 1717 755 1764 opernm
770 1705 814 1748 in
833 1705 920 1748 vita
941 1705 1030 1756 det,
1064 1719 1154 1748 eum
1166 1705 1297 1749 vitam
1325 1704 1517 1763 perdere.

117 1769 227 1817 Nee
254 1783 360 1815 vero
389 1767 595 1815 audiendi
626 1768 745 1823 sunt,
785 1771 863 1833 qui
889 1770 1005 1817 hanc
1033 1771 1194 1816 mentis
1226 1770 1520 1830 agitationem

112 1831 354 1882 doaorum
373 1837 598 1900 propriam
626 1835 814 1894 faciunt,
855 1848 901 1884 et
931 1837 984 1884 ab
1006 1839 1101 1884 eius
1132 1837 1340 1885 societate
1369 1835 1520 1882 exclua

121 1900 236 1949 dunt
255 1913 450 1956 ceteros;
495 1901 570 1948 nisi
588 1919 694 1951 vero
713 1903 940 1952 beatitudo
960 1922 1032 1962 ea,
1058 1900 1191 1970 quam
1209 1903 1402 1952 Dauides
1424 1919 1519 1950 me*

123 1967 365 2016 ditantibus
386 1970 648 2030 religionem
667 1968 822 2031 tribuit
846 1971 920 2034 Pfi
938 1974 975 2026 I,
1000 1988 1037 2017 1.
1062 1986 1115 2019 ’2.-
1129 1975 1174 2020 in
1193 1969 1349 2020 destos
1379 1969 1520 2017 modo

125 2034 254 2082 cadit.
331 2034 416 2082 Sed
433 2035 686 2084 conturbati
704 2037 910 2097 homines
929 2056 1077 2087 rerum
1106 2037 1395 2086 similitudine
1417 2051 1523 2085 con·

123 2100 336 2159 fundunt,
374 2119 485 2166 quae
509 2103 646 2165 longe
669 2096 834 2153 diuersa
852 2107 965 2155 sunt.
1043 2110 1219 2155 Etenim
1247 2105 1520 2168 contempla³
1570 2112 1572 2114 ’

122 2169 292 2217 tionem
309 2186 456 2217 rerum
476 2171 778 2220 vniuersalium
799 2185 845 2221 et
862 2167 1168 2222 abstraRarum
1187 2190 1279 2220 non
1301 2172 1454 2219 cadere
1473 2173 1522 2218 in

122 2237 390 2302 popularem
416 2238 773 2300 intelligentiam,
815 2241 860 2288 id
879 2242 1056 2307 quidem
1083 2242 1213 2289 facile
1233 2240 1523 2295 conceditur3

124 2303 199 2352 sed
220 2306 267 2351 in
293 2303 379 2351 istis
399 2307 784 2356 exercitationibus
803 2310 1026 2371 cogitandi
1048 2322 1092 2357 et
1110 2308 1374 2366 meffitandi,
1410 2319 1526 2372 quae

124 2374 175 2419 in
190 2372 388 2437 partibus
415 2371 664 2438 disciplinae
687 2375 955 2425 Christianae
975 2388 1308 2442 proponuntur,
1331 2375 1523 2438 suntque

125 2455 152 2487 n
168 2439 298 2487 nobis
317 2438 585 2504 propositae,
621 2446 801 2490 materia
819 2449 1087 2506 cogitatione
1106 2441 1457 2509 complessenda,
1476 2452 1525 2489 et

125 2501 475 2554 consideratione
489 2507 728 2568 trassanda,
766 2529 859 2559 non
880 2511 941 2558 est
961 2529 1012 2558 ex
1041 2513 1115 2559 illo
1135 2508 1276 2559 subtili
1293 2523 1340 2558 et
1356 2510 1526 2558 schola·

56 2585 60 2588 ’
126 2572 233 2622 ssie‘o
247 2587 423 2636 genere,
441 2575 512 2623 sed
527 2575 720 2625 sensibus
730 2578 798 2626 vel
819 2584 1009 2628 externis
1022 2581 1089 2626 vel
1108 2582 1295 2627 internis
1312 2574 1524 2626 subiesta:

128 2638 176 2709 in
194 2657 283 2758 Ἐς
305 2657 470 2712 genere
490 2645 603 2691 nihil
624 2644 711 2693 effe
738 2645 903 2713 potest,
945 2648 1067 2715 quod
1086 2657 1265 2714 captum
1294 2647 1524 2714 popularis

267 2707 366 2772 nst!
388 2711 531 2776 Oqu·
559 2710 695 2767 neelt
993 2719 1029 2764 Z
1358 2713 1520 2762 intelli-⁶
