1650 3060
91 195 193 257 596
360 210 422 240 na:
460 209 573 242 voc.
610 208 914 241 KATAAYMA
944 213 1012 242 ET
1050 209 1211 244 Axi-Au.

93 306 274 376 quidam
304 308 347 355 id
375 306 687 356 deuersorium
714 320 833 357 extra
861 310 1014 360 vrbem
1038 311 1239 377 posuere,
1272 320 1320 359 vt
1338 310 1502 358 scilicet

92 380 403 442 propinquum
435 375 542 424 esset
573 377 791 441 speluncis
821 390 938 426 extra
966 381 1198 445 oppidum,
1236 382 1281 426 in
1314 395 1502 443 quarum

93 462 193 500 vna,
224 455 273 491 vt
300 441 468 491 stabulo
500 447 689 509 pecoris,
720 446 961 510 hospitium
990 448 1166 495 infantis
1197 446 1290 494 lesu
1313 447 1503 492 colloca·

93 522 225 559 rent:
265 521 466 559 veterum
488 514 748 575 opinionem
771 517 903 561 etiam
925 520 1198 563 recentiores
1221 513 1401 579 quidam
1423 514 1504 559 viri

97 576 219 627 doffi
256 579 358 626 sunt
396 580 548 627 secuti.
639 584 766 628 Talia
807 581 1051 630 deuersoria
1090 595 1188 630 tum
1228 599 1319 628 non
1361 579 1501 636 erant,

96 648 305 696 omnium
326 650 506 694 minime
527 650 572 694 in
601 650 840 712 oppidulo,
871 651 996 714 quale
1018 651 1361 697 Bethlehemum
1385 659 1502 705 erat3

94 712 197 781 post
215 714 332 762 forte
361 714 607 779 frequentia
629 716 975 765 Christianorum
996 736 1050 764 eo
1071 720 1344 765 venientium
1368 715 1502 761 visen-

98 782 146 829 di
165 782 302 838 causa,
337 784 488 829 locum
509 784 583 830 tali
604 782 857 832 deuersorio
879 783 1087 833 struendo
1110 786 1227 839 fecit,
1259 780 1383 848 quod
1403 778 1512 846 post*

95 863 185 915 pro
206 863 262 897 eo
283 850 485 898 habitum
510 847 584 906 est,
615 854 661 899 in
683 867 772 917 quo
796 851 988 902 Christus
1009 864 1150 907 natus,
1181 864 1225 899 et
1245 854 1387 898 vicina
1406 850 1500 914 spe·

95 919 230 966 lunca
260 936 344 983 pro
373 915 563 976 stabulo,
596 920 642 966 in
674 937 766 984 quo
793 918 1008 984 repositus
1034 919 1190 967 fuiffet.
1261 919 1344 965 Sed
1376 935 1502 982 pere-

96 987 327 1048 grinantes
358 997 456 1032 tum
495 985 839 1034 deuersabantur
874 986 988 1051 apud
1019 999 1253 1048 cognatoS,
1297 1003 1410 1050 quos
1442 985 1500 1031 ibi

95 1053 249 1118 plures
280 1051 473 1100 habuisse
512 1053 750 1118 Iosephum
781 1064 827 1100 et
852 1056 1040 1101 Mariam
1072 1073 1096 1100 e
1127 1054 1290 1101 familia
1318 1052 1501 1100 Dauidis

98 1117 312 1167 credibile
342 1119 423 1174 est,
468 1122 600 1167 etiam
631 1124 816 1175 amicos,
860 1139 882 1168 a
912 1121 1070 1187 quibus
1099 1121 1294 1186 hospitio
1322 1121 1502 1184 recipie-

95 1186 284 1244 bantur,
318 1189 364 1234 in
396 1189 523 1234 cuius
559 1190 624 1236 rei
656 1185 860 1236 facilitate
897 1192 1028 1237 etiam
1065 1191 1199 1236 virtus
1235 1187 1502 1252 ponebatur,

95 1247 223 1318 saepe
241 1256 311 1302 illa
338 1265 384 1302 et
410 1247 457 1301 i‘n
479 1248 612 1302 ‘sacris
642 1257 801 1304 litteris
839 1256 1159 1305 commendata.
1230 1262 1377 1319 Atque
1412 1253 1501 1301 tale

95 1323 339 1387 hospitium
368 1320 631 1386 κατάλυμα,
660 1322 721 1371 est
746 1324 861 1388 apud
890 1329 1078 1380 Lucam,
1119 1323 1505 1386 intelligentiaque

94 1392 168 1439 vel
187 1401 280 1438 tota
301 1391 460 1438 domus
481 1392 686 1456 hospitis,
721 1393 791 1438 vel
811 1409 911 1455 pars
939 1410 1012 1450 ea,
1046 1393 1170 1439 cuius
1191 1390 1284 1438 vsus
1307 1389 1502 1453 peregri-

94 1456 159 1509 no
182 1456 243 1505 est
266 1456 518 1515 conceffuS‚
552 1472 598 1506 vt
617 1462 754 1509 Marc.
776 1464 893 1518 XIV,
918 1479 989 1524 14.
1020 1460 1092 1507 vbi
1113 1458 1167 1505 de
1187 1458 1378 1505 triclinio
1400 1456 1503 1502 dici-

94 1514 186 1581 tur,
225 1526 348 1591 quod
378 1527 432 1573 ad
463 1527 651 1587 agendas
683 1529 835 1594 epulas
857 1528 1078 1593 paschales
1099 1526 1346 1591 petebatur.
1414 1521 1503 1572 sed·

94 1594 256 1642 infanti
288 1607 442 1640 recens
473 1606 578 1641 nato
597 1593 694 1642 Iesu
725 1611 828 1643 cum
855 1598 979 1643 locus
1010 1605 1308 1659 quaereretur,
1339 1590 1409 1640 vbi
1430 1596 1500 1638 rc·‘

94 1662 209 1727 poni
239 1663 468 1726 curarique
496 1661 657 1725 posset,
697 1666 767 1711 vel
797 1676 982 1729 propter
1003 1661 1333 1709 multitudinem
1355 1658 1501 1723 hospi-

96 1732 196 1777 tum
217 1729 375 1776 eodem
398 1729 591 1792 hospitio
614 1735 849 1787 nentium,
880 1733 949 1778 vel
967 1741 1155 1794 propter
1173 1725 1382 1790 angustias
1404 1729 1501 1772 eius

97 1797 248 1862 partis,
284 1811 396 1860 quae
414 1811 647 1860 parentum
667 1796 810 1845 vlibus
840 1810 931 1844 erat
949 1795 1160 1853 concefl'a,
1196 1810 1287 1842 non
1309 1795 1498 1857 reperie-

96 1863 238 1914 batur.
310 1868 410 1919 Qua
431 1878 477 1909 re
498 1863 636 1912 coaffi
657 1866 774 1921 sunt,
810 1867 961 1913 locum
982 1864 1022 1911 ei
1043 1876 1164 1911 extra
1181 1861 1346 1909 tefflum
1369 1876 1499 1926 quae·-

94 1947 210 1986 rere,
245 1931 290 1977 in
312 1930 627 1996 vestibuloque,
663 1935 711 1978 in
743 1950 833 1994 quo
851 1934 1035 1980 Domini
1065 1946 1226 1996 pecora
1254 1927 1422 1975 stabant
1453 1937 1499 1976 et

95 1999 288 2064 supellex
317 1997 487 2056 rustica,
524 2017 636 2063 quae
659 1999 719 2046 est
739 2001 911 2047 Graece
941 1996 1074 2056 αὐλή,
1103 2009 1150 2045 vt
1167 1999 1230 2044 Io.
1243 2001 1292 2051 X,
1318 2013 1356 2044 1.
1379 1994 1498 2060 seqq.

97 2069 157 2130 (v.
179 2068 381 2115 Perizon.
412 2067 466 2112 ad
493 2067 657 2114 Aelian.
688 2071 741 2114 V.
771 2071 831 2116 H.
850 2071 916 2125 111,
943 2074 992 2130 4)
1025 2068 1096 2114 lat.
1122 2066 1280 2118 cohors,
1309 2073 1498 2126 'eratque

101 2132 250 2182 cinsta
273 2151 371 2181 area
404 2135 476 2180 illa
504 2136 625 2199 septo
650 2154 674 2182 e
696 2136 886 2183 cratibus
915 2136 1088 2194 ligneis,
1121 2148 1212 2198 quo
1235 2131 1357 2178 fures
1378 2143 1498 2177 arce*

95 2213 279 2258 rentur,
312 2213 483 2248 veteres
506 2204 628 2249 latini
645 2201 827 2251 iteratum
848 2202 1074 2255 dicebant,
1111 2198 1231 2264 quod
1257 2202 1354 2247 cieri
1380 2196 1496 2244 dice·

96 2268 238 2326 batur,
270 2284 373 2316 cum
394 2268 698 2316 diuidet-entur
726 2284 884 2332 greges
906 2268 1153 2322 heredibus,
1184 2265 1301 2313 idem
1322 2263 1420 2330 post
1440 2263 1497 2311 de

93 2336 347 2384 hereditate
366 2338 561 2384 vniuersa
582 2335 770 2392 distum,
802 2338 923 2401 quod
945 2337 1090 2401 priscis
1118 2330 1396 2399 temporibus
1419 2336 1495 2379 La·

95 2405 297 2451 tinorum
318 2420 387 2451 res
408 2403 632 2452 familiaris
655 2405 747 2452 fere
767 2408 815 2451 in
836 2420 998 2470 pecore
1023 2413 1126 2450 erat.

191 2477 340 2535 Atque
367 2471 396 2517 si
426 2489 519 2518 rem
550 2475 609 2519 ita
636 2473 934 2533 intelligimus,
966 2471 1132 2518 facilius
1152 2471 1281 2516 etiam
1308 2466 1495 2527 intelligi

93 2537 266 2602 potest,
300 2541 531 2601 quomodo
560 2537 750 2604 pastores
780 2550 1042 2603 quaerentes
1077 2537 1290 2583 infantem
1321 2534 1494 2598 repere-

92 2608 212 2666 τίιη·2
269 2609 387 2651 Nam
414 2609 460 2652 in
487 2609 654 2666 vulgari
680 2606 818 2653 modo
847 2605 1145 2666 intelligendi,
1173 2602 1404 2649 difficultas
1431 2597 1492 2645 cst

91 2689 186 2723 non
214 2687 354 2739 parua
382 2689 434 2720 ex
463 2691 530 2729 eo,
564 2675 684 2739 quod
712 2685 758 2723 et
785 2676 926 2730 locus,
954 2674 1028 2721 vbi
1058 2671 1269 2719 infantem
1293 2669 1494 2716 diuinum
1572 2674 1582 2702 ἰ

1362 2751 1494 2800 quae·
1580 2752 1584 2759 ·
