1682 3068
206 203 303 255 378
554 210 627 241 ως
665 187 934 242 orrrcxo
968 191 1255 243 cansa-'1

202 325 326 382 parte
358 331 497 379 porro
526 317 683 380 prima,
720 334 836 382 quae
859 315 922 365 est'
951 316 1207 366 sanffiffima
1236 307 1463 375 omnium,
1498 335 1604 368 cum

201 393 353 429 tamen
375 384 499 430 locus
521 383 591 430 vel
609 388 892 448 quaereretur
906 385 1219 448 ambiguitatis,
1239 388 1313 434 vel
1333 387 1485 452 quaeri
1505 387 1604 451 pos·
1680 396 1682 416 ³

203 451 246 498 se
276 449 526 506 videretur,
575 464 764 517 propter
805 452 1033 501 mirificam
1065 457 1318 502 varietatem
1351 464 1398 500 et
1427 455 1603 519 copiam

202 519 527 582 Scripturarum
555 519 602 565 in
630 537 680 566 ea
706 537 754 567 re
780 522 1077 585 exprimenda,
1110 521 1353 586 quaesitum
1375 519 1459 579 est,
1491 538 1603 586 quo-

202 587 344 633 modo
375 596 470 633 tota
499 586 583 633 illa*
600 588 781 635 varietas
803 588 855 635 ad
873 591 1068 636 notionis
1091 601 1136 636 et
1158 590 1285 638 verbi
1305 591 1516 636 vnitatem
1537 605 1602 634 re-

203 654 352 700 vocari
373 651 525 718 postet,
558 655 606 701 in
625 672 707 719 qua
739 657 1024 721 perspicuitas
1053 654 1159 704 effet
1175 669 1223 704 et
1244 659 1491 722 proprietas
1511 654 1601 702 fine

202 723 328 768 omni
357 732 597 786 troporum
626 735 674 769 et
703 721 943 784 figurarum
963 724 1142 772 vmbris.
1213 730 1334 772 Nam
1356 724 1433 785 sub
1453 723 1524 770 his
1542 722 1601 772 fa-

203 790 290 836 cile
318 789 387 835 vel
419 788 584 836 inscitia
611 790 681 837 vel
709 791 1030 855 interpretandi
1060 793 1309 853 malignitas
1330 791 1513 839 latebras
1533 807 1600 836 re-

200 858 341 925 perit3
380 857 443 903 illi
467 854 583 903 bene
610 868 814 922 repertae
835 871 882 906 et
909 859 1176 907 constitutae
1196 861 1270 907 vbi
1298 859 1495 907 adsueuit
1512 858 1601 904 ani-

200 941 321 978 mus,
352 921 415 979 fit,
445 935 494 970 vt
521 940 618 972 eam
648 926 694 971 in
725 930 848 973 omni
875 927 947 973 illa
975 929 1181 974 varietate
1211 927 1347 975 solam
1383 937 1429 973 et
1455 936 1601 972 totam

197 990 434 1058 perspicue
461 990 615 1050 videat,
647 1009 730 1039 nec
756 995 819 1039 rei
850 993 1052 1041 tenebras
1081 1006 1158 1048 aut
1184 993 1356 1042 vmbras
1374 1012 1398 1041 a
1418 993 1600 1057 phanta-

197 1058 257 1106 fia
285 1056 458 1105 offundi
485 1057 610 1114 finat,
646 1077 728 1123 per
748 1077 854 1122 quas
885 1063 1117 1108 veritatem
1136 1063 1355 1122 integram
1375 1071 1422 1106 et
1441 1075 1600 1124 puram

200 1143 252 1172 ex
273 1127 410 1172 oculis
431 1129 610 1173 amittat.
680 1125 960 1174 Destinatum
977 1131 1018 1175 ei
1038 1131 1102 1175 rei
1121 1127 1183 1175 est
1201 1129 1340 1175 multa
1358 1137 1462 1174 ante
1481 1126 1600 1173 secu·

197 1194 243 1241 la
268 1194 562 1257 satisfaciendi
590 1192 796 1250 verbum,
842 1193 1016 1244 delestu
1055 1193 1312 1243 reffiffimo:
1351 1197 1519 1260 quippe
1551 1192 1598 1239 id

197 1261 384 1309 verbum
416 1273 461 1308 et
492 1261 846 1326 perspicuitatem
878 1263 1014 1311 habet
1045 1264 1170 1311 nullo
1197 1263 1335 1310 modo
1365 1261 1598 1310 obscuran-

200 1328 300 1375 dam
322 1338 366 1375 et
384 1328 732 1385 diminuendam,
768 1341 815 1378 et
831 1334 1000 1395 pariter
1020 1334 1233 1397 ‚exprimit
1253 1341 1348 1377 tum
1369 1328 1599 1377 astionum

198 1408 295 1444 tum
326 1395 655 1462 perpeffionum
686 1398 780 1445 Iesu
810 1401 899 1447 vim
927 1400 981 1447 ad
1010 1417 1146 1447 vnum
1179 1398 1283 1446 illud
1313 1397 1457 1445 salutis
1477 1393 1596 1443 resti-

198 1465 395 1511 tuendae
417 1482 532 1529 opus
552 1466 817 1514 valentium:
864 1470 988 1515 Huic
1006 1484 1114 1528 ergo
1135 1464 1360 1513 adsuefieri
1380 1465 1600 1531 oportuit,

199 1542 247 1579 et
266 1533 498 1596 quomodo
519 1534 838 1597 scripturarum
869 1535 1017 1582 verbis
1037 1532 1190 1581 ineffet
1209 1531 1391 1587 ostendi,
1421 1542 1470 1579 vt
1492 1547 1598 1578 cum

199 1599 303 1665 ipsis
334 1600 495 1665 vbique
524 1612 781 1649 occurreret
808 1606 1055 1668 Scripturas
1083 1601 1345 1661 legentibus.
1413 1601 1470 1645 Et
1495 1598 1596 1644 satis

198 1679 293 1715 erat
312 1668 432 1733 quod
453 1669 526 1716 hic
544 1679 761 1729 ageretur,
795 1687 881 1715 nec
907 1687 1021 1733 opus
1045 1671 1092 1716 in
1123 1670 1244 1714 hunc
1260 1668 1412 1714 locum
1433 1681 1596 1726 conge-

196 1753 297 1784 rere
316 1735 479 1796 figuras
500 1735 752 1793 verborum,
779 1746 828 1783 vt
855 1739 982 1797 regni
1002 1745 1048 1783 et
1067 1735 1305 1790 sacerdotii,
1333 1743 1379 1780 et
1396 1734 1596 1798 partitio⁴

197 1819 279 1867 nes
300 1805 450 1868 operis
477 1813 523 1849 et
551 1804 745 1849 muneris
767 1801 925 1851 Christi
953 1821 1004 1850 ex
1034 1804 1132 1859 illis,
1165 1819 1246 1866 per
1264 1818 1371 1865 quas
1390 1800 1595 1862 ambages

188 1870 362 1933 -lo'n‘gae
390 1881 439 1918 et
458 1871 632 1917 inutiles
651 1870 982 1926 inducerentur,
1013 1882 1148 1934 atque
1166 1869 1315 1916 multis
1336 1867 1595 1932 quaestioni-

1680 448 1682 498 1

195 1937 296 1996 bus,
315 1945 361 1984 et
380 1955 462 2003 per
479 1955 552 1985 eas
564 1937 872 1985 controuerfiis
894 1938 1034 1985 aditus
1053 1938 1251 1993 daretur;
1269 1951 1382 2000 quae
1399 1934 1429 1981 ss
1450 1936 1595 1982 omni·
1661 1936 1663 1939 ’

198 2023 261 2054 no
292 2007 522 2069 agitandae
552 2003 711 2061 essent,
755 2004 924 2054 trattati
953 2007 1041 2053 alio
1068 2005 1172 2051 loeo
1201 2001 1437 2058 debebant,
1473 2012 1520 2050 vt
1546 2004 1593 2049 in

197 2073 569 2139 disputationibus
598 2076 830 2135 exegeticis
850 2076 1186 2138 Scripturarum‚
1217 2083 1291 2118 aut
1320 2073 1365 2118 in
1381 2072 1595 2134 interpre-

195 2146 367 2190 tatione
394 2143 652 2196 nominum,
693 2141 854 2205 quibus
884 2143 1132 2206 Scripturae
1161 2141 1443 2186 Seruatorem
1470 2137 1591 2184 futu‘-

196 2228 300 2258 rum
323 2210 536 2273 insignem
557 2209 812 2257 hominibus
834 2209 1044 2267 fecerant,
1068 2225 1164 2256 non
1183 2209 1231 2254 in
1249 2206 1396 2255 subtili
1412 2204 1592 2266 dogmas

196 2281 254 2326 tis
273 2280 388 2326 illius
408 2278 712 2342 explicatione.

298 2352 368 2395 De
388 2362 532 2406 regno
544 2344 699 2392 Christi
722 2346 917 2408 primum
936 2346 1054 2391 inter
1073 2341 1246 2391 nostros
1266 2344 1311 2389 in
1334 2338 1487 2388 libello
1510 2339 1591 2388 do-

197 2417 391 2478 gmatico
413 2415 620 2461 locorum
641 2410 832 2459 differuit
854 2413 1074 2474 Philippus
1083 2430 1101 2467 ;
1128 2427 1281 2458 verum
1301 2409 1460 2456 nonin
1485 2408 1588 2455 loco

196 2484 254 2528 de
275 2483 382 2538 Iesu,
413 2481 485 2529 sed
516 2482 562 2527 in
590 2482 745 2527 vicinia
772 2482 924 2543 capitis
953 2480 1007 2526 de
1039 2476 1360 2527 resurrectione
1385 2486 1587 2522 mortuo-

195 2567 310 2606 rum,
343 2549 396 2595 ad
430 2547 671 2596 refellenda
701 2548 865 2594 somnia
895 2546 1222 2607 Iudaizqantium,
1255 2560 1366 2608 quae
1393 2554 1490 2589 tum
1519 2561 1589 2590 re-

194 2616 483 2672 vocabantur,
514 2627 560 2663 et
595 2632 780 2677 regnum
808 2612 970 2662 visibile
1001 2612 1155 2661 Christi
1177 2616 1221 2659 in
1242 2613 1308 2658 his
1335 2614 1461 2657 terris
1482 2621 1588 2657 ante

195 2683 387 2736 reditum
406 2683 459 2731 ad
478 2683 689 2733 iudicium
710 2684 886 2747 generis
905 2683 1089 2731 humani
1106 2677 1293 2729 vniuerfi
1320 2677 1588 2755 constituen-
1656 2717 1658 2722 .

1451 2756 1586 2795 tium:
1652 2788 1658 2793 ,
