1682 3068
163 154 261 208 338
601 146 1107 204 nrvmscipmna

109 295 133 302 —
163 266 235 315 sus
257 265 375 314 idem
396 268 616 316 exoriatur
645 264 815 318 necesse
841 268 914 326 est,
948 269 980 317 fi
1012 288 1102 318 non
1132 271 1306 336 semper
1331 273 1486 323 eadem
1508 278 1565 335 vi,

161 345 210 383 at
228 335 370 399 aliqua
394 345 558 387 tamen.
606 340 757 385 Huius
775 348 923 385 autem
944 340 1040 386 talis
1062 342 1384 387 exercitationis
1406 341 1561 396 acl-‘vir-

164 411 312 450 tutem
342 403 402 449 vis
432 401 493 449 est
521 420 572 450 ex
602 421 670 461 eo,
709 405 834 469 ”quod
862 423 965 452 cum
990 408 1068 454 illo
1090 407 1212 453 sensu
1232 407 1471 455 necessario
1491 424 1561 457 ex-

162 470 324 517 citatur
356 468 502 518 seusus
529 475 690 519 amoris
710 472 881 527 diuini,
926 475 1163 537 sensusque
1194 473 1316 531 boni,
1350 475 1471 537 quod
1501 474 1563 522 est

159 539 210 585 in
240 535 398 601 Christi
428 540 608 597 merito,
650 540 772 587 cuius
800 537 956 587 fiducia
983 543 1152 588 veniam
1182 553 1228 589 et
1255 542 1563 590 liberationem

157 623 186 652 a
217 605 420 669 periculo
449 617 496 653 et
526 606 738 670 peti-imus
775 618 822 653 et
850 609 1212 670 impetrauimus‘3
1247 627 1359 674 quae
1387 607 1563 659 suntad

158 670 357 720 libenter
392 685 439 719 et
471 672 742 731 constanter,
773 675 864 721 hoc
892 673 966 729 est,
1001 693 1101 723 vere
1123 675 1428 723 obediendum
1448 682 1565 734 Deo,

163 737 466 801 efficacissima.
534 738 704 788 Austor
726 741 854 788 nobis
874 741 926 789 sit
945 745 1133 800 Pauline,
1170 747 1295 791 cuius
1319 746 1448 790 etiam
1468 759 1561 792 car-

159 823 268 857 men
300 808 558 872 epi'nieium,
595 810 812 856 vincentis
846 809 1011 874 scilicet
1040 828 1119 875 per
1148 811 1291 858 sensus
1320 814 1480 858 amoris
1515 822 1561 859 et

159 874 329 937 gaudii,
373 889 425 920 ex
456 875 538 922 illis
569 875 915 937 cogitationibus
956 878 1166 934 obortus,
1208 882 1356 925 omnia
1385 882 1560 927 virtutis

159 952 208 988 et
235 940 510 989 obedientiae
537 944 875 1007 impedimenta,
911 945 1042 991 nobis
1072 948 1118 991 in
1144 947 1220 992 tali
1248 948 1561 992 exercitatione

157 1011 210 1057 in
230 1011 379 1056 animo
401 1020 535 1073 atque
555 1011 599 1056 in
621 1027 698 1056 ore
717 1009 778 1056 sit.
847 1014 969 1058 Rom.
996 1010 1130 1068 VIII,
1153 1028 1242 1073 35·
1257 1030 1331 1073 39.
1400 1012 1559 1069 Restat,

155 1086 209 1125 vt
237 1077 294 1124 de
323 1076 528 1142 precibus
553 1076 607 1124 ad
635 1075 862 1124 institutae
888 1077 1203 1143 disputationis,
1228 1076 1460 1126 confilium
1497 1080 1559 1127 di-

162 1159 328 1202 camuS.
1034 1167 1036 1169 ’

258 1229 336 1274 4ς.
366 1210 441 1259 Est
475 1222 627 1260 autem
647 1215 899 1260 eommunis
929 1213 1041 1260 haec
1059 1215 1314 1278 praeceptio
1336 1212 1557 1268 omnibuS,

155 1280 237 1345 qui
266 1279 321 1325 de
348 1282 433 1327 vita
459 1280 651 1327 hominis
669 1279 906 1342 ,Christiani
935 1281 1260 1328 conformanda
1287 1281 1476 1336 tradunt,
1510 1291 1559 1328 vt

153 1363 315 1413 preces
344 1349 392 1394 in
418 1346 660 1394 necessariis
693 1344 791 1395 eius'
828 1351 1001 1409 negotii
1035 1347 1334 1395 instrumentis
1356 1346 1567 1412 ponant,

153 1413 228 1462 sed
250 1414 344 1461 fere
364 1415 448 1462 hac
473 1415 527 1462 de
550 1413 698 1472 caussa,
730 1427 778 1461 vt
795 1417 945 1462 auxilia
965 1415 1111 1463 diuina
1129 1425 1392 1479 expetantur
1412 1426 1459 1463 et
1479 1418 1559 1461 im·

155 1493 406 1547 petrentur.
475 1481 527 1529 Id
545 1477 689 1544 longe
715 1482 931 1540 absumus,
966 1494 1014 1531 vt
1038 1483 1367 1549 improbemus:
1402 1483 1559 1548 proba-

155 1567 259 1596 mus
295 1553 470 1614 potius,
501 1560 546 1596 e't
574 1548 882 1606 necessarium,
916 1553 980 1598 vti
1012 1550 1094 1608 est,
1129 1554 1189 1599 ita
1221 1550 1443 1597 ducimus:
1485 1548 1556 1596 sed

157 1615 374 1665 hastenus
396 1634 487 1664 non
510 1616 631 1673 inest,
661 1635 773 1682 quae
793 1621 978 1682 proprie
997 1617 1050 1666 sit
1079 1620 1332 1664 exercitatio
1362 1618 1555 1663 hominis
1586 1670 1592 1675 ¹

156 1683 404 1741 Christiani,
431 1687 704 1749 proprieque
724 1686 780 1731 ad
815 1687 1047 1745 negotium
1077 1687 1248 1731 virtutis
1268 1694 1314 1730 et
1332 1681 1476 1738 officii,
1507 1695 1554 1731 et

156 1751 521 1800 consuetudinem
544 1754 637 1798 eius
660 1753 929 1815 capiendam,
950 1753 1187 1812 dirigatur:
1226 1749 1373 1815 estque
1396 1768 1556 1815 cauen-

151 1817 266 1866 dum
287 1819 534 1880 diligenter,
569 1835 627 1865 ne
645 1835 799 1882 preces
816 1822 861 1865 in
880 1820 963 1865 hac
981 1837 1029 1865 re
1055 1818 1442 1873 commendentur,
1473 1835 1553 1880 per

151 1887 475 1948 negligentiam
495 1882 727 1953 α’κξιβεᾶας
745 1888 786 1932 in
807 1886 1010 1942 dicendo,
1039 1899 1086 1932 vt
1104 1888 1302 1946 ignauiae
1321 1887 1444 1932 locus
1466 1883 1552 1939 fiat,

156 1964 203 2000 et
224 1956 372 2001 omnia
391 1958 490 2001 Deo
521 1957 846 2017 relinquantur-3
880 1957 956 2017 qui
984 1956 1030 1999 in
1060 1955 1206 1999 haere
1234 1970 1315 1999 nos
1335 1951 1551 2007 adiuuare,

154 2037 249 2067 non
279 2024 427 2068 omnia
458 2021 560 2086 ipse,
593 2018 685 2078 {ine
716 2021 867 2068 labore
895 2019 1057 2075 nostro,
1092 2022 1235 2067 facere
1263 2021 1372 2066 vult.
1439 2023 1554 2067 Sunt

154 2090 271 2135 enirn
295 2092 481 2136 omnino
503 2089 549 2134 in
586 2099 759 2153 partem
788 2089 902 2134 hanc
918 2089 1139 2150 procliues
1163 2089 1382 2142 homines,
1413 2098 1460 2133 vt
1479 2099 1551 2134 ve‘·

152 2156 235 2202 lint
247 2154 727 2217 fibicontingerebona
746 2154 834 2201 fine
852 2155 1009 2203 sudore
1030 2166 1073 2202 et
1090 2156 1311 2215 sanguine,
1324 2166 1370 2200 vt
1390 2154 1462 2199 ille
1475 2155 1548 2208 ait,

151 2233 198 2269 et
216 2225 384 2270 virtutis
396 2221 592 2271 habitum
603 2226 754 2287 potius
766 2222 838 2269 sibi
858 2222 1045 2280 infundi,
1058 2240 1188 2286 quam
1212 2222 1361 2269 labore
1380 2221 1456 2267 suo
1474 2238 1550 2284 pa·

154 2292 249 2337 rari.
327 2294 486 2354 Itaque
519 2293 653 2337 etiam
687 2286 893 2356 propensi
923 2291 1022 2336 funt
1050 2293 1094 2336 in
1128 2291 1242 2336 hanc
1269 2290 1546 2353 opinionem,

37 2391 43 2398 .
94 2390 95 2393 =
153 2368 200 2404 et
226 2357 278 2404 ad
310 2376 405 2404 eam
434 2358 629 2414 trahunt,
659 2375 770 2423 quae
802 2357 858 2404 de
886 2360 926 2405 vi
960 2358 1109 2403 diuina
1129 2360 1311 2421 'Spiritus
1332 2353 1475 2401 Sanffl
1499 2357 1546 2401 in

151 2441 200 2470 ea
228 2443 275 2471 re
304 2423 509 2489 promissa
537 2425 647 2472 sunt.
723 2430 872 2473 Totus
904 2425 1078 2488 quidem
1105 2423 1411 2471 Fanaticifinus
1442 2421 1546 2468 hine

148 2492 328 2553 pendet,
350 2495 394 2539 in
416 2510 507 2556 quo
528 2490 588 2538 est
611 2509 730 2539 mera
753 2494 947 2553 ignauiae
967 2493 1073 2547 talis,
1087 2508 1171 2537 nec
1191 2490 1328 2536 modo
1350 2493 1395 2535 in
1412 2502 1545 2548 egen-

150 2557 229 2615 do,
272 2560 344 2605 sed·
378 2561 510 2605 etiam
551 2563 594 2605 in
628 2561 943 2621 intelligendo,
997 2560 1239 2622 disciplina,
1283 2557 1542 2616 religionem

148 2641 330 2672 omnem
356 2642 570 2675 reuocans
600 2625 655 2673 ad
682 2628 1047 2685 mechanistnum,
1081 2626 1221 2690 qualis
1251 2620 1312 2670 est
1335 2639 1360 2669 a
1388 2635 1541 2670 natura

1493 2706 1540 2736 m
