1682 3068
364 161 425 191 nv
473 158 770 191 mammona:
804 150 1230 203 censuris-tuna
1355 195 1359 202 ,
1405 159 1500 205 233

39 190 204 335 ὥς,
229 280 298 313 ‘an
327 264 492 314 adesset
515 264 707 327 regnum
738 264 941 319 Meffiae,
986 275 1112 314 tanto
1138 265 1411 331 probabilius
1440 265 1504 322 fit,

20 328 49 411 j
96 319 222 398 quod
249 333 346 380 satis
369 331 558 391 constat,
600 333 683 379 illis
715 334 997 397 temporibus
1028 337 1145 380 inter
1172 336 1355 382 Iudaeos
1383 335 1503 380 hanc

11 415 37 472 ἐς.
99 404 384 466 opinionem,
419 403 562 448 nixam
591 401 704 447 illam
734 403 950 447 vaticiniis
980 403 1327 467 prophetarum,
1366 401 1502 458 fuisse,

9 472 24 515 ,⁴
98 485 193 516 non
212 470 369 533 procul
388 466 527 516 abesse
543 467 723 515 Meffiae
744 485 949 528 regnum,
987 485 1090 515 cum
1112 472 1245 517 etiam
1269 468 1378 518 effet
1396 487 1505 535 pro-

97 536 261 602 pheta,
288 538 404 596 (Luc.
422 538 508 596 II.)
531 539 601 582 cui
623 535 881 600 promissum
904 534 1011 582 esset
1032 536 1260 594 diuinitus,
1290 556 1384 585 non
1405 555 1501 585 mo-

97 606 295 651 riturum
313 602 438 662 ante,
470 621 600 668 quam
620 602 793 650 vidisset
811 604 1036 651 Meffiam:
1073 622 1207 666 quem
1230 606 1275 652 id
1295 607 1411 652 clam
1430 606 1506 674 ha·

44 703 47 706 ι
99 669 272 728 buiffe,
289 671 573 719 nullomodo
599 671 718 718 credi
739 670 896 736 potest.
969 671 1138 727 Quodsi
1160 684 1264 719 ante
1282 678 1504 721 Ioannem

96 737 191 786 fuit
227 738 392 802 aliquid
433 737 656 804 baptismi,
708 740 843 803 quod·
868 742 912 787 in
945 740 1181 805 proselytis
1216 741 1506 806 vsurparetur,

91 804 220 879 {nod
241 822 326 854 nec
342 823 428 871 pto
448 818 572 854 certo
593 804 916 864 affirmauerim,
950 815 1036 853 nee
1054 805 1295 871 praefraste
1314 826 1503 871 negaue-

91 876 202 930 ἐκ),
245 889 519 940 quamquam
539 874 584 921 id
607 892 698 921 non
722 874 794 922 diu
816 886 921 923 ante
938 873 1188 930 institutum
1209 875 1294 923 effe
1328 880 1502 941 potuit:

95 938 167 996 id,
198 957 291 988 non
311 942 603 1006 improbabile
623 943 732 990 mihi
753 942 951 997 videtur,
998 955 1147 990 ortum
1171 943 1256 990 else
1274 943 1327 990 ab
1349 945 1420 991 illa
1439 963 1501 998 re,

96 1024 235 1072 quam
260 1006 470 1068 diximus,
511 1010 633 1074 quod
662 1013 845 1067 scirent,
896 1011 949 1056 ad
981 1011 1159 1060 Meffiae
1195 1029 1406 1073 regnum,
1447 1012 1502 1059 ad

94 1074 218 1139 quod
240 1079 432 1137 gentiles
462 1095 646 1143 quoque
669 1078 855 1127 vocandi
887 1077 1052 1134 esseut,
1091 1073 1257 1127 aditum
1287 1080 1387 1127 fore
1419 1098 1502 1146 per
1532 1108 1534 1110 ·

90 1142 391 1208 baptismum3
437 1163 624 1211 eamque
653 1164 750 1194 rem
780 1151 866 1194 iam
895 1158 995 1194 tum
1024 1147 1287 1194 adumbrare
1324 1149 1504 1196 vellent.

95 1211 184 1257 Sed
203 1211 318 1259 hanc
348 1213 641 1280 suspicionem
666 1216 759 1262 aliis
780 1215 1038 1277 diligentius
1071 1215 1402 1264 examinandam
1432 1234 1506 1264 res

89 1278 159 1324 {in
190 1296 261 1326 uo.

161 1295 187 1343 q
202 1363 275 1406 50.
312 1349 555 1394 Enimuero
577 1349 641 1394 illi
667 1348 744 1413 ipsi
764 1348 979 1413 baptismi,
1006 1367 1117 1413 quos
1138 1355 1325 1400 Ioannes
1346 1354 1503 1402 diuino

97 1409 153 1457 de
172 1427 415 1478 praecepto
432 1417 674 1480 vsurpauit,
708 1433 762 1462 an
786 1428 831 1462 et
850 1417 1078 1481 quomodo
1098 1436 1121 1464 a
1139 1418 1358 1484 baptismo
1379 1423 1506 1469 Chri-

95 1477 159 1529 sti,
172 1480 330 1528 diuersi
353 1482 538 1535 fuerint,
580 1483 787 1548 disputari
814 1486 860 1532 in
888 1485 1046 1532 scholis
1066 1487 1415 1549 Theologorum
1435 1490 1503 1536 so·

95 1547 179 1594 let:
224 1563 372 1613 neque
389 1549 560 1605 necesse
582 1549 667 1607 est,
710 1552 784 1597 hic
803 1569 901 1599 eam
923 1570 1016 1599 rem
1035 1555 1254 1618 explicari.
1349 1560 1407 1604 Et
1436 1555 1500 1604 est

93 1617 229 1662 nimis
249 1617 443 1674 clarum,
484 1623 531 1665 in
551 1630 743 1683 vtroque
771 1619 895 1683 spem
917 1620 1320 1671 condonandorum
1343 1641 1499 1688 pecca·

92 1680 268 1739 tomm,
311 1696 358 1731 et
374 1685 521 1733 salutis
552 1703 633 1751 per
652 1688 974 1750 poenitentiam
996 1700 1043 1735 et
1071 1688 1204 1736 fidem
1226 1693 1272 1737 in
1292 1693 1498 1742 Meffiam

91 1749 220 1797 fuisse
248 1751 546 1816 propositam,
597 1765 730 1816 atque
763 1753 976 1803 hastenus
1006 1768 1215 1805 neutrum
1245 1761 1408 1825 aliquid
1439 1762 1496 1809 ab

89 1818 235 1866 altero
255 1819 475 1867 diuersum
505 1820 718 1868 habuisse:
760 1824 892 1887 idque
924 1823 1131 1872 aduersus
1159 1831 1386 1875 Romanae
1411 1831 1495 1876 Ec—

93 1885 244 1934 clesiae
271 1884 539 1949 Theologos
580 1889 753 1936 abunde
788 1890 1138 1940 demonstratum
1175 1913 1200 1941 a
1238 1897 1390 1944 multis
1421 1896 1496 1944 est.

94 1953 179 1999 sed
198 1959 406 2017 quoniam
431 1955 610 2019 quidam
631 1957 684 2003 ad
713 1959 960 2007 tollendam
982 1961 1183 2025 baptismi
1204 1967 1386 2011 Ioannei
1403 1968 1496 2014 vim

93 2019 213 2067 abusi
243 2021 341 2067 sunt
367 2023 470 2069 loco
495 2026 653 2078 Lucae,
704 2027 801 2073 Aa.
833 2029 977 2083 XIX,
1010 2046 1039 2086 4
1051 2030 1148 2093 sqq.
1178 2032 1300 2095 quod
1328 2034 1378 2089 ii,
1418 2036 1497 2098 qui

93 2091 334 2135 Ioanneum
356 2089 618 2153 baptismum
648 2092 732 2140 iam
760 2093 1058 2158 susceperant,
1099 2096 1156 2144 vsi
1188 2096 1273 2146 effe
1289 2099 1495 2147 dicantur

92 2154 313 2220 baptismo
340 2158 479 2203 altero
510 2156 693 2215 christi,
750 2173 988 2226 propterea
1026 2174 1236 2229 coeptum
1269 2166 1331 2212 est
1359 2170 1403 2212 in
1435 2185 1493 2214 eo

53 2252 69 2282 5
93 2224 197 2271 loco
225 2224 482 2288 explicando
503 2225 711 2283 laborari,
754 2239 801 2274 et
819 2229 953 2276 verba
971 2228 1222 2286 α’κέσαντες
1241 2227 1288 2281 δὲ
1307 2235 1493 2297 ἐβαπτί-

49 2319 53 2322 ·
93 2286 213 2358 ζοντα
241 2301 314 2339 cet.
350 2293 482 2339 relata
512 2293 611 2340 sunt
640 2294 694 2340 ad
722 2295 821 2342 illos
841 2297 978 2360 ipsos,
1030 2302 1108 2361 qui
1138 2312 1241 2346 ante
1274 2319 1297 2347 a
1325 2307 1492 2350 Ioanne

59 2358 62 2360 ’
91 2362 251 2408 initiati
280 2357 439 2416 effent,
485 2371 532 2407 et
563 2359 616 2407 ad
643 2365 884 2410 Ioanneum
914 2363 1178 2429 baptismum
1206 2367 1338 2431 ipsius
1369 2371 1491 2419 suasu

42 2443 45 2447 ’
91 2429 365 2491 susceptum:
407 2429 449 2475 h.
471 2445 506 2474 e.
527 2444 619 2474 non
645 2441 834 2494 propter
851 2435 1044 2479 rationes
1067 2437 1334 2495 exegeticaS,
1375 2456 1491 2503 quae

4 2491 47 2533 0
91 2496 139 2546 in
156 2497 232 2543 tali
251 2513 300 2542 re
328 2496 439 2541 solae
459 2495 559 2541 sunt
580 2495 843 2553 audiendae,
887 2515 946 2545 ne
984 2535 995 2554 ,
1033 2517 1148 2565 quae
1167 2519 1250 2566 per
1268 2521 1340 2551 eas
1376 2508 1489 2553 clare

105 2572 123 2623 j
190 2576 240 2611 nt
268 2567 313 2610 in
334 2562 473 2609 verbis
503 2562 714 2610 librorum
747 2564 1022 2621 diuinorum,
1066 2570 1158 2617 vllo
1183 2571 1320 2618 modo
1342 2572 1488 2621 obesse

58 2564 294 2697 “Quum
339 2644 414 2678 aut
451 2647 698 2697 repugnare
741 2632 938 2681 summae
973 2638 1167 2686 veritatis
1196 2639 1487 2688 Christianae.

773 2704 806 2748 P
843 2720 865 2764 5
1398 2708 1485 2756 sed
