1682 3068
197 177 303 239 346,
368 182 371 184 “
632 194 708 224 nt
743 195 1132 229 orscnmxa

194 297 342 344 sensus
362 297 660 347 necessitatum
682 302 725 347 in
743 303 825 366 piis
842 301 908 351 est
920 315 1107 367 precum
1129 304 1270 355 instar.
1343 310 1401 355 Et
1417 306 1596 356 n'eeeffi·

194 376 336 412 tatum
368 365 570 430 quidem,
613 368 665 415 ad
689 373 900 434 ··corporis
927 375 1111 420 tutelam
1144 372 1367 439 vitamque
1393 390 1595 424 commu·

191 450 299 480 nem
326 436 662 498 pertinentium,
695 449 742 484 et
762 438 933 486 scientia
964 453 1010 486 et
1041 444 1256 501 cogitatio
1280 460 1375 489 -non
1407 441 1594 491 difficilis

190 498 267 558 est,
290 501 439 550 ‘modo
465 518 559 548 non
588 506 627 550 ei
655 507 919 565 cogitationi
941 510 1068 555 nimis
1090 508 1438 570 indulgeremus,
1466 527 1597 570 auge·

189 581 435 634 remusque
466 570 751 628 neceffitates‚
778 583 851 619 aut
872 572 1152 633 fingeremus,
1187 594 1297 642 quae
1317 579 1461 624 nullae
1483 578 1594 635 sunt,

190 635 299 685 dum
323 638 393 684 vel
406 637 694 702 *obsequimur
714 641 1013 703 opinionibus,
1049 643 1212 699 studiis,
1253 644 1451 692 moribus
1473 662 1594 692 com-

187 706 508 760 munibus,fvel
527 705 579 752 ab
602 707 652 752 iis
674 706 940 772 decipimur:
971 711 1093 774 quod
1121 710 1181 757 est
1201 713 1448 759 cauendum
1469 714 1593 760 Chri-

185 772 331 821 stiano
359 774 520 832 iwhac
547 777 858 822 exercitatione
885 779 1095 840 precandi
1123 780 1386 840 diligenter3
1420 779 1591 827 cauebi·

185 851 353 902 turque
379 840 488 897 satie,
525 839 555 887 fi
583 842 633 887 iis
663 841 854 889 sensibus
890 847 972 891 erit
1002 846 1198 893 imbutus
1229 847 1284 893 de
1311 847 1442 894 rebus
1463 864 1592 912 expe-

173 907 349 974 tendis,
382 923 496 971 quos
517 908 643 971 supra
673 911 999 974 proposuimus,
1072 912 1144 960 Est
1175 925 1323 961 autem
1343 917 1388 960 in
1419 917 1470 961 iis
1491 933 1590 978 pre-

185 975 314 1022 candi
337 978 597 1022 exercitatio
619 976 846 1037 dirigenda
864 981 1065 1035 maxime,
1093 984 1291 1043 primum
1321 981 1372 1029 ad
1393 981 1590 1028 imbecil-

183 1044 321 1091 litatis
339 1041 513 1102 'nostrae
548 1054 593 1089 et
627 1045 886 1090 humilitatis
915 1048 1234 1107 cognitionem,
1269 1049 1426 1096 deinde
1445 1049 1497 1095 ad
1518 1066 1590 1096 vo-

181 1111 400 1158 luntatem
426 1127 572 1156 earum
593 1111 971 1173 perferendarum,
992 1113 1139 1176 quoad
1151 1118 1251 1161 Deo
1271 1116 1483 1167 videatur,
1506 1133 1590 1180 per

181 1195 321 1243 quam
351 1194 508 1224 omnes
537 1195 606 1224 eas
626 1178 910 1236 neceffitates,
936 1198 1051 1245 quae
1073 1181 1410 1245 quidemno'bis
1434 1182 1587 1229 viden-

182 1257 272 1300 tur,
306 1250 407 1292 Deo
438 1249 752 1308 permittimus,
820 1249 909 1293 Sed
935 1252 1134 1307 cognitio
1163 1261 1296 1315 atque
1324 1250 1437 1301 *adeo
1457 1253 1580 1311 cogi-

180 1315 293 1360 tatio
314 1311 621 1368 neceffitatum
640 1331 804 1370 earum,
823 1332 936 1378 qnae
954 1315 1006 1363 ad
1017 1320 1220 1364 animum
1242 1321 1483 1380 pertinent,
1504 1317 1588 1364 dif-

179 1380 429 1428 ficultatem
450 1397 542 1427 non
563 1397 694 1428 vnam
716 1381 874 1437 habet3
906 1385 954 1430 in
979 1401 1061 1448 qua
1080 1379 1294 1432 vincenda
1310 1387 1498 1432 maxime
1519 1402 1588 1431 ex-

181 1450 383 1495 ercitatio
401 1448 608 1512 precandi
631 1448 831 1496 laborare
851 1449 998 1499 debet.
1068 1457 1190 1499 Nam
1219 1464 1266 1500 et
1283 1453 1514 1516 multiplex
1534 1469 1586 1500 ea

178 1515 409 1565 neceffitas
439 1515 514 1571 est,
542 1527 589 1562 et
617 1533 711 1563 non
738 1519 869 1564 nimis
891 1519 1086 1566 iucunda
1113 1520 1356 1567 hominiad
1385 1522 1584 1580 cogitan-

180 1585 307 1633 dum.
376 1583 462 1630 Sed
493 1585 694 1645 inprimis
725 1584 903 1631 adeam
933 1590 1292 1634 exercitationem
1321 1591 1380 1633 ita
1402 1603 1583 1650 praepa·

178 1655 265 1701 rati
288 1651 499 1698 accedere
519 1651 747 1708 debemus,
779 1665 826 1698 vt
846 1665 992 1715 partes
1014 1671 1171 1700 omnes
1195 1658 1312 1700 vitae
1333 1670 1435 1699 vere
1456 1653 1581 1699 Chri-

175 1720 352 1775 stianae,
372 1729 429 1764 <et
458 1718 574 1765 bona
605 1719 753 1765 omnia
784 1719 1046 1782 expetenda,
1081 1722 1151 1767 vel
1177 1721 1229 1767 ad
1260 1723 1477 1775 animum,
1509 1721 1581 1768 vel

177 1788 237 1835 ad.
266 1786 629 1844 vitam-cognita
657 1785 907 1833 habeamus.
975 1791 1098 1834 Tum
1127 1790 1577 1848 verocogitationem

174 1854 462 1904 intendemus
492 1852 546 1899 ad
574 1853 944 1917 comparandum,
987 1855 1092 1918 quid
1132 1874 1182 1901 ex
1218 1857 1266 1901 iis
1306 1855 1433 1902 nobis
1472 1853 1578 1901 defit
1651 1905 1653 1907 .

176 1924 380 1976 omnino,
412 1930 491 1968 aut
508 1922 551 1966 in
574 1937 667 1984 quo
687 1920 852 1983 aliquid
877 1921 1117 1970 admixtum
1139 1921 1190 1968 fit
1204 1924 1308 1977 vitii,
1341 1923 1407 1968 vel
1427 1920 1480 1967 ab
1497 1923 1576 1968 im-

175 1990 431 2043 becillitate,
464 1989 533 2035 vel
552 1987 872 2047 anegligentia
891 1987 1046 2036 nostra.
1117 1989 1489 2036 Considerandum
1513 1987 1578 2038 est

173 2048 319 2112 etiam,
349 2055 455 2119 quid
483 2071 663 2119 quoque
684 2067 889 2120 tempore
910 2057 1146 2104 habeamus
1165 2060 1209 2102 in
1231 2055 1447 2110 manibuS,
1468 2055 1577 2119 quid

167 2141 307 2187 agere
327 2122 616 2177 instituamus,
646 2122 753 2186 quid
782 2121 912 2171 instet
940 2124 1069 2171 nobis
1097 2125 1167 2171 vel
1187 2125 1239 2169 ad
1260 2122 1481 2184 agendum
1502 2124 1574 2169 vel

172 2193 231 2241 ad
252 2191 513 2245 ferendum3
541 2200 588 2236 vt
604 2190 720 2242 inde,
757 2190 863 2252 quid
892 2192 945 2237 ad
975 2190 1186 2256 quodque
1209 2191 1337 2239 nobis
1367 2203 1483 2254 opus‘
1503 2188 1571 2247 fit,

172 2260 370 2308 iudicare
392 2257 615 2326 poffimus.
680 2258 858 2310 Quibus
881 2259 1086 2306 omnibus
1099 2257 1345 2319 cogitandis
1365 2257 1417 2303 ad
1438 2274 1570 2322 expe-

171 2328 354 2375 tendam
377 2327 510 2390 opem
530 2325 722 2371 diuinam
752 2328 1097 2392 compellemur:
1129 2329 1174 2372 in
1206 2343 1351 2389 eoque
1369 2327 1451 2371 erit
1469 2342 1573 2371 vera

172 2395 429 2441 exercitatio
467 2391 685 2456 precandi.
750 2397 853 2439 Nec
881 2411 1010 2452 vero,
1041 2411 1153 2458 quae
1181 2396 1351 2454 cogitet
1379 2394 1568 2455 quisque

169 2462 226 2509 ad
252 2460 376 2508 reste
401 2463 447 2507 in
476 2461 564 2506 hoc
590 2476 755 2521 genere
781 2462 1075 2524 precandum,
1126 2461 1269 2508 deesse
1293 2458 1499 2524 poffuntt·
1534 2457 1577 2522 st

169 2531 268 2593 quis
298 2546 407 2582 eam,
440 2544 569 2591 quam
608 2526 1016 2576 ostendimusrviam
1046 2529 1218 2590 ingredi
1251 2524 1567 2582 subinde-velit,'

170 2607 223 2643 vt
253 2596 444 2658 aliquam
476 2596 568 2641 eius
599 2595 966 2644 consuetudinem
994 2614 1151 2660 capere
1181 2595 1332 2660 possit:
1374 2589 1564 2655 praeser-

170 2664 257 2712 tim
288 2665 335 2711 in
366 2676 528 2725 genere
555 2661 809 2729 posteriori,
841 2666 886 2712 in
914 2682 1003 2730 quo
1030 2666 1162 2735 etiam
1185 2663 1368 2712 breuior
1370 2662 1461 2776 dria
1489 2658 1562 2707 est.

1414 2736 1567 2794 portet
