1682 3068
240 194 339 242 208
545 200 827 232 vmmeun
865 201 1115 233 ,annu-1211
1144 183 1342 235 'mmm-

238 307 334 364 ius,
378 308 494 370 quae
523 303 609 354 fuit
627 307 1165 371 primorum’hominum,
1209 326 1315 356 cum
1339 311 1640 373 integritatem

237 377 429 440 primam
452 376 714 431 retinerent,
745 387 795 423 et
812 392 875 431 ea,
905 393 1019 440 quae
1039 373 1137 439 post
1152 375 1239 424 fuit
1256 393 1398 440 vsque
1411 377 1640 427 udChristi

237 453 466 506 tempora,
506 452 552 488 et
573 440 809 491 Christiana
837 442 948 490 adeo
972 443 1085 509 ipsa,
1125 455 1453 504 argutarentur,
1493 456 1540 493 et
1567 461 1640 493 res

238 508 487 557 clarissimas
528 509 874 572 argutationibus
907 511 991 558 suis
1029 509 1262 560 obscurae
1297 529 1349 560 ac
1378 525 1639 577 per-uertere

236 587 535 625 conarentur„
621 579 754 627 Cuius
773 580 838 627 rei
857 575 1020 634 caussa,
1065 589 1114 625 vt
1144 578 1255 627 mihi
1282 579 1475 640 videtur,
1514 582 1640 630 nulla

236 647 318 693 alia
345 644 453 700 fuit,
497 658 630 709 quam
653 644 773 710 quod
802 647 1008 692 homines
1035 646 1112 693 illo
1141 646 1235 710 ipso
1264 645 1446 696 arbitrio
1481 647 1639 697 diuino

236 711 595 769 offenderentur,
635 730 720 760 nec
746 713 846 761 satis
874 730 1160 777 concoquere
1180 712 1357 779 possent
1383 715 1638 765 libertatem

236 780 500 830 diuinam-in
518 778 606 826 istis
623 779 755 827 rebus
777 777 1117 836 constituendiS‚
1160 783 1436 847 mallentque
1451 787 1638 832 rationis
1678 780 1680 782 ¹

233 849 393 905 solius,
422 864 552 910 quam
572 850 656 896 Dei
675 864 832 899 vocem
853 848 1013 897 audire.
1090 852 1215 897 Nam
1233 850 1303 899 alii
1320 851 1528 910 fuerunt,
1555 853 1636 917 qui

234 918 336 966 talia
365 913 560 964 instituta
596 918 643 962 in
673 917 902 977 allegorias
946 926 1282 974 conuerterent,
1336 931 1383 966 vt
1422 938 1492 976 ea,
1548 923 1637 975 (ita

231 981 470 1052 putabant)
498 984 703 1032 molliora
721 997 766 1032 et
781 986 938 1033 rationi
959 985 1175 1032 humanae
1193 987 1364 1049 aptiora
1382 984 1634 1035 efficerent:
1676 1034 1682 1041 ⁷,

231 1053 355 1108 alii„
370 1053 446 1115 qui
465 1068 518 1097 ea
541 1049 594 1098 ad
624 1052 768 1113 legem
790 1052 1033 1103 naturalem
1053 1051 1339 1116 diuinamque
1356 1065 1636 1113 reuocarent,

230 1129 282 1168 vt
299 1117 451 1166 Iudaei
474 1118 721 1182 quondam,
770 1129 818 1166 et
841 1135 962 1166 nunc
992 1121 1232 1175 Sociniani,
1275 1123 1542 1180 Arminiani,
1588 1132 1636 1170 et

232 1188 448 1253 permulti
469 1187 563 1239 alii,
597 1189 672 1250 qui
694 1187 736 1233 se
761 1184 1028 1235 Christianos
1048 1185 1331 1251 profitentur.
1376 1192 1489 1236 Sunt
1502 1192 1634 1240 etiam

230 1252 413 1305 fortaffe
432 1253 669 1317 quaedam,
707 1256 759 1318 in,
773 1254 932 1319 quibus
958 1255 1226 1320 explicandis
1257 1258 1387 1304 etiam
1417 1255 1516 1304 casti
1534 1258 1632 1306 reli·

232 1325 376 1384 gionis
399 1319 576 1368 diuinae
594 1319 862 1386 interpiietes
883 1338 975 1369 non
995 1321 1282 1372 consentiant.
1339 1327 1495 1389 Itaque
1513 1325 1633 1375 vide·

230 1390 408 1443 bamus,
455 1391 588 1436 etiam
621 1390 705 1436 hac
733 1399 858 1453 parte
885 1387 1158 1453 explicanda,
1205 1407 1230 1436 a
1259 1392 1389 1439 nobis
1417 1393 1634 1457 quaedam

232 1457 443 1523 disputari
471 1468 518 1504 et
551 1455 780 1504 admoneri
819 1456 965 1523 posse,
1014 1474 1126 1526 quae
1155 1473 1249 1508 non
1285 1460 1454 1511 inutilia
1481 1461 1634 1514 forent

228 1523 439 1575 studiofis.

334 1609 407 1652 33.
449 1595 562 1647 lam,
596 1596 639 1640 in
652 1595 799 1655 prima
818 1595 930 1639 vitae
946 1593 1146 1640 humanae
1164 1594 1438 1656 institutione,
1473 1612 1586 1660 quae
1606 1613 1633 1645 a
1674 1619 1676 1623 >

230 1661 364 1712 Mose
394 1658 572 1707 duobus
601 1662 755 1724 primis
789 1659 1014 1706 Geneseos
1043 1658 1258 1724 capitibus
1287 1662 1490 1718 traditur,
1541 1663 1641 1728 duo-

229 1731 355 1784 sunt,
396 1730 443 1773 in
475 1725 637 1791 quibus
672 1726 902 1773 arbitrium
934 1726 1133 1773 diuinum
1159 1741 1391 1793 appareat:
1426 1732 1630 1792 alterum,

229 1798 287 1845 de
314 1812 406 1860 quo
435 1796 553 1841 inter
581 1792 701 1842 reae
729 1794 967 1841 sentientes
997 1792 1263 1844 Christianos
1292 1814 1343 1844 ac
1359 1799 1630 1860 Theologos

226 1865 352 1914 nulla
371 1861 587 1910 dubitatio
608 1859 693 1919 est3
722 1862 929 1919 alterum,
953 1862 1075 1926 quod
1096 1864 1286 1926 aliquam
1306 1865 1630 1914 dubitationem

227 1932 415 1987 habere,
448 1928 653 1978 diffensus
675 1927 910 1976 doE‘corum
939 1931 1101 1990 arguit:
1133 1932 1378 1996 abstinentia
1398 1940 1450 1982 ab
1471 1935 1630 1997 frufi‘u

229 2003 396 2049 arboris
415 1999 652 2062 religiofize,
697 2009 742 2044 et
751 2015 836 2060 per
846 1997 1070 2061 fi‘ptimum
1090 2016 1286 2064 quemque
1306 2004 1412 2048 diem
1430 2004 1630 2067 feriatio.

227 2073 299 2118 De
321 2079 509 2129 vtroque
527 2065 723 2112 breuiter
733 2065 970 2120 videamus,
990 2082 1072 2129 pro
1093 2065 1279 2115 instituti
1299 2067 1434 2116 nostri
1444 2073 1631 2118 ratione.

226 2143 299 2184 Ac
318 2137 517 2201 primum
540 2133 684 2181 obiter
705 2131 996 2182 studiosorum
1017 2132 1156 2182 caussa
1187 2131 1492 2197 monebimus,
1531 2154 1630 2187 eam

227 2204 459 2259 arborem,
509 2219 623 2266 quae
648 2216 730 2258 νη
755 2217 850 2258 mm
872 2217 1012 2259 την-ιη
1039 2215 1108 2274 ‘W
1150 2203 1267 2252 Mofi
1292 2206 1556 2268 appellatur,
1605 2222 1631 2253 a

226 2274 395 2336 graecis
417 2270 734 2335 interpretibus
756 2288 843 2317 vno
865 2273 967 2319 loco
996 2273 1090 2332 (II,
1114 2277 1187 2333 9.)
1217 2288 1374 2333 graece
1391 2271 1475 2326 dici
1494 2269 1630 2339 ξύλου

226 2339 285 2391 τὲ
303 2334 446 2398 εἰδέναι
467 2336 629 2403 γνωςόν
650 2338 776 2389 aaa}
793 2341 864 2401 qq.)
889 2339 1048 2404 πονηξὲ
1059 2378 1068 2396 ,
1107 2357 1191 2404 pro
1211 2355 1310 2404 quo‘
1330 2337 1391 2386 est
1419 2340 1628 2388 omnibus

227 2411 319 2456 aliis
349 2409 459 2454 locis
478 2404 522 2470 ξ.
576 2428 614 2455 τ.
645 2429 690 2458 ει.
719 2407 859 2456 καλὸν
887 2409 958 2469 qq)
987 2404 1134 2457 κακόν.
1231 2406 1343 2456 Inde
1368 2421 1552 2472 apparet
1580 2411 1629 2456 in

226 2474 390 2539 γνως-ὁν
409 2471 544 2528 aaliz}
553 2493 593 2521 κ..
616 2494 666 2522 π.
688 2473 771 2522 effe
791 2473 1062 2541 periphrasin
1077 2510 1088 2531 ,
1130 2473 1282 2538 (quod
1302 2491 1443 2535 genus
1463 2474 1524 2522 est
1543 2475 1629 2523 fre-

225 2560 369 2606 quens
398 2544 516 2606 apud
546 2543 768 2598 Graecos,
824 2542 896 2589 sed
924 2542 1051 2607 saepe
1076 2559 1232 2606 parum
1266 2545 1418 2606 peritis
1448 2544 1628 2604 linguae

224 2609 466 2661 molestum
484 2610 600 2664 fuit)
631 2626 732 2656 cum
754 2610 1035 2675 pleonasmo,
1075 2621 1122 2657 vt
1147 2612 1191 2655 in
1221 2609 1384 2671 ’γνωςὸν
1415 2631 1456 2663 κ.
1487 2611 1627 2658 nihilo
1671 2639 1679 2670 ;

223 2678 328 2747 plus
347 2675 398 2726 stt
416 2677 781 2739 intelligendum,
813 2694 942 2743 quam
959 2680 1006 2727 in
1025 2674 1180 2729 καλόν·
1198 2676 1304 2725 hinc
1322 2678 1432 2728 adeo
1452 2677 1626 2792 (1υᾶιῖ

1542 2764 1566 2792 e
1603 2763 1628 2792 e
