1682 3068
319 166 378 195 m
428 160 725 195 nuncnune
765 161 1184 193 consu-rtrum*
1355 144 1453 207 269

26 309 30 317 .
53 270 312 337 (rpemd,
356 269 477 331 (hoe
493 270 612 317 enim
637 266 721 321 est,
768 267 989 336 κατέκςινε
1009 265 1079 323 τήν
1096 265 1325 336 &psagdas
1341 268 1381 317 ἐν
1398 266 1453 320 τί

7 341 22 401 j
34 382 39 388 .
52 338 202 406 ῠϋιςκί·
214 344 233 392 )4
264 355 377 404 quae
393 337 525 385 nobis
543 334 875 390 dominabatur,
908 347 956 383 vt
974 335 1128 384 fideles
1146 353 1251 382 vere
1269 334 1452 384 obedire

51 406 145 469 legi
162 402 353 472 possent,
390 421 431 452 v.
455 420 497 463 3.
518 422 549 463 4
557 403 654 468 sqq.
752 404 811 450 Et
827 402 944 449 idem
966 402 1225 467 Apostolus,
1264 421 1368 451 cum
1402 405 1451 452 in

52 476 275 536 religione¹
289 468 538 523 Christiana,
556 483 603 518 et
618 471 792 518 ratione
811 471 957 516 salutis
978 471 1218 534 sperandae
1235 489 1258 518 a
1277 468 1452 520 Christo

50 539 296 608 propositas,
331 539 480 586 omnin
506 538 607 586 fidei
628 537 717 585 effe
744 540 1037 603 pronunciat,
1078 541 1174 586 Gal.
1198 539 1253 595 V,
1280 547 1323 587 6.
1351 557 1452 588 eam

50 607 187 660 fidem
203 605 262 654 sic
277 605 506 663 describit,
533 618 582 654 vt
601 605 654 653 ab
675 623 726 653 ea
745 612 834 653 vim
854 604 1093 652 obediendi
1115 609 1230 663 Deo,
1261 617 1308 653 et
1325 624 1451 671 prae-⁶

43 671 191 741 teptis
209 675 325 730 eius,
364 675 519 723 venire
539 671 751 722 ostendat.
849 675 1027 720 Etenim
1049 672 1182 720 fidem
1201 671 1453 739 ἐνεςγέἱοθωι

15 759 19 762 ’
47 736 101 794 δι’
118 739 323 806 ἀγάπης,
340 743 584 806 ffcacemfi
592 742 819 806 praestare
831 759 916 803 per
932 758 1127 796 amorem,
1147 743 1223 804 qui
1244 741 1304 788 est
1324 760 1452 791 verae

50 809 329 862 obedientiae
348 811 548 875 optimus
566 808 780 871 magister,
800 819 848 856 et
865 811 1011 856 omnis
1024 807 1295 856 officiifons:
1335 810 1452 857 vnde

48 874 159 940 legis
186 877 376 934 summa,
416 887 465 925 et
492 874 723 945 πλήρωμα,
752 877 934 935 dicitur,
971 877 1131 924 Matth.
1159 876 1340 933 XXII,
1372 895 1451 935 40.

47 945 174 994 Rom·
190 946 339 999 XIII,
363 957 403 999 8.
432 961 502 992 ιο.
580 949 737 1011 Itaque
754 941 877 992 reae
903 956 1058 992 notam
1077 962 1208 991 verae
1224 943 1327 991 fidei
1348 945 1453 992 facit

48 1012 235 1062 lacobus
259 1012 395 1071 hinc,
436 1011 467 1059 fi
485 1014 673 1061 virtutes
692 1023 741 1060 et
767 1011 882 1059 bene
911 1012 1027 1061 fasta
1055 1010 1234 1070 efferat,
1275 1014 1341 1069 II,
1378 1027 1451 1068 17.

50 1080 248 1146 quisunt
263 1079 431 1128 frustus
451 1081 536 1136 illi,
580 1080 739 1147 quibus
750 1098 835 1144 per
854 1083 890 1128 Ῑ.
910 1082 959 1130 C.
978 1081 1183 1134 homines
1200 1081 1366 1146 repleri
1388 1082 1451 1127 ait

49 1148 245 1206 Paullus,
279 1149 391 1197 Phil.
409 1152 451 1205 Ι,
478 1165 498 1195 1
511 1163 549 1194 1.
563 1185 576 1206 ,
609 1148 733 1214 quod
752 1150 862 1196 nihil
881 1148 1000 1196 aliud
1022 1147 1098 1206 est,
1115 1146 1194 1195 nisi
1204 1147 1451 1212 perfidem.

50 1215 137 1262 Sed
157 1219 268 1263 haec
284 1216 413 1263 latius
433 1217 579 1264 multo
601 1215 771 1264 edisseri
791 1215 982 1281 possent,
1002 1215 1032 1264 fi
1055 1217 1221 1273 laudes,
1250 1214 1353 1262 fidei
1371 1217 1448 1262 tri·

50 1281 177 1330 butas
204 1286 252 1330 in
283 1283 542 1348 scripturis,
588 1285 799 1345 colligere
826 1296 873 1330 et
899 1284 1075 1349 copiose
1104 1282 1289 1332 trassare
1317 1284 1451 1330 velle·

51 1364 175 1416 mus:
206 1350 328 1414 quod
346 1367 438 1397 non
456 1348 517 1396 est
535 1350 721 1398 instituti
739 1349 902 1408 nostri3
946 1369 999 1397 ex
1019 1369 1109 1415 quo
1130 1352 1227 1398 satis
1248 1349 1333 1408 est,
1361 1351 1453 1398 hoe

50 1427 200 1464 totum
217 1418 379 1466 leuiter
396 1416 592 1480 attigisse.
659 1423 945 1482 Quamquam
965 1417 1283 1483 compendium
1296 1435 1452 1465 earum

49 1483 228 1532 laudum
249 1485 474 1550 quoddam
498 1485 710 1534 habemus
729 1488 776 1533 in
797 1485 993 1551 Epistola
1019 1487 1075 1534 ad
1094 1486 1327 1534 Hebraeos
1359 1487 1453 1540 XI,

50 1550 126 1598 ‘vbi
146 1551 278 1600 dooet
297 1551 561 1618 Apostolus,
603 1573 626 1601 a
648 1553 735 1601 fide
762 1553 847 1601 effe
867 1553 1187 1610 obedientiam,
1233 1556 1363 1600 etiam
1399 1555 1452 1600 iis

51 1621 97 1667 in
116 1617 270 1678 rebus,
320 1638 432 1686 quae
448 1620 606 1668 'duram
625 1621 930 1669 conditionem
955 1622 1166 1678 habeant,
1204 1639 1243 1669 v.
1267 1633 1307 1675 8.
1342 1637 1453 1667 con·

0 1704 1 1718 ³
50 1696 242 1735 temtum
259 1704 408 1737 rerum
430 1690 717 1737 humanarum
736 1692 781 1736 in
801 1704 1032 1753 Vtramque
1054 1700 1238 1754 partem,
1258 1707 1299 1738 v.
1315 1704 1376 1747 24
1380 1690 1453 1753 sq.

0 1758 1 1798 1
51 1751 357 1811 constantiam,
380 1756 685 1805 fortitudinem
699 1793 710 1814 ,
744 1770 790 1805 et
805 1760 1060 1822 patientiam
1080 1761 1126 1803 in
1144 1757 1275 1804 rebus
1295 1758 1449 1803 aduer-

0 1831 1 1865 ἱ
47 1819 123 1878 fis,
152 1839 192 1871 v.
215 1839 289 1880 ²3·
310 1839 386 1882 27.
414 1832 472 1882 36
480 1826 578 1890 sqq.
647 1831 775 1882 Quae
797 1829 943 1872 omnia
965 1826 1193 1890 pertinent
1211 1828 1269 1872 ita
1286 1825 1340 1870 ad
1361 1826 1452 1873 lau·

48 1889 152 2005 ιιὶἇηι
171 1887 283 1947 fidei,
300 1902 350 1938 vt
368 1893 410 1937 ei
427 1893 518 1938 vim
540 1890 952 1942 sanstificandorum
972 1895 1210 1941 hominum
1223 1891 1452 1940 clarissime

108 1970 243 2004 eunt.

148 2030 223 2086 83.
251 2027 383 2071 Hanc
400 2035 549 2073 autem
570 2028 659 2074 vim
680 2027 910 2091 quomodo
930 2028 1092 2075 habeat
1112 2025 1235 2083 fides,
1254 2025 1329 2073 etsi
1347 2043 1452 2073 con·

52 2088 253 2138 cedimus
279 2092 525 2154 Epistopio,
570 2097 614 2141 in
642 2096 770 2157 Apol.
802 2097 983 2160 Confeffi
1008 2099 1064 2143 R.
1094 2112 1187 2141 non
1217 2111 1332 2158 opus
1364 2092 1452 2140 esse

49 2157 202 2215 nobis,
246 2169 295 2204 vt
318 2157 524 2219 sciamus,
574 2173 651 2208 aut
678 2179 960 2226 quaeramus,
1005 2174 1270 2228 propterea,
1322 2160 1452 2225 quod

49 2239 157 2281 nee,
193 2227 272 2290 qui
290 2225 426 2273 habet
450 2244 598 2276 veram
616 2228 773 2286 fidem,
805 2247 858 2276 ea
875 2231 928 2277 de
949 2230 1087 2278 causs'a
1106 2227 1228 2276 refike
1262 2228 1451 2277 faciendi

48 2293 302 2341 &cultatem
333 2310 427 2340 non
457 2295 611 2354 habet,
652 2300 753 2362 quia
782 2297 967 2346 modum
993 2301 1189 2359 ignorat,
1231 2313 1322 2359 quo
1353 2313 1450 2344 eam

48 2358 303 2408 fucultatem
322 2360 429 2409 fides
449 2362 548 2419 dat3
577 2381 671 2421 nec,
692 2367 768 2427 qui
785 2378 903 2412 caret
913 2364 1014 2419 fide,
1038 2364 1159 2412 modi
1178 2364 1294 2411 illius
1311 2364 1450 2410 scier·

48 2429 111 2475 tia
128 2425 183 2475 fit
198 2428 388 2475 santius:
426 2441 599 2487 tamen,
632 2431 865 2496 postquam
886 2431 1045 2479 iniefi'ta
1066 2431 1128 2479 est
1147 2431 1223 2478 illa
1239 2429 1449 2496 quaestio,

49 2492 287 2560 propositis
307 2498 398 2543 eius
416 2498 778 2560 explicationibus
798 2502 945 2555 variis,
993 2517 1086 2546 non
1105 2499 1279 2547 videtur
1307 2500 1449 2559 negli-

52 2560 193 2619 aenda
210 2563 304 2619 his,
329 2567 404 2628 qui
423 2562 648 2613 doarinae
670 2567 870 2631 publicae
891 2567 1114 2631 praesunt,
1151 2584 1207 2614 ne
1225 2585 1249 2613 a
1268 2584 1448 2632 peruer-

51 2624 103 2672 fls
129 2633 220 2677 eius
249 2632 612 2697 explicationibus
642 2637 797 2684 vitium
826 2637 965 2701 capiat
1007 2634 1113 2684 fidei
1145 2633 1275 2702 ipsius
1302 2637 1369 2682 vis
1401 2630 1450 2683 et

1304 2714 1446 2758 nomo,
