1682 3068
212 169 308 223 198
529 160 808 210 'vmmcuz'
837 175 1090 210 Axur-rau
1127 179 1301 211 mmm

215 285 404 347 eiusque
423 281 646 331 scientiam
667 283 721 331 ab
742 283 828 349 ipsa
851 295 1003 335 natura
1026 285 1245 350 proficisci
1263 284 1418 335 docet:
1449 290 1612 338 intelli·
1678 313 1682 318 ·

212 352 342 412 gitur,
363 361 412 398 vt
432 354 609 415 opinor,
629 354 801 416 pariter,
831 351 952 400 istam
971 366 1061 401 tam
1083 365 1347 419 perpetuam
1370 367 1416 403 ct
1439 361 1614 404 vniuer-
1675 394 1681 400 .

212 418 302 465 sam
322 422 498 483 generis
531 418 712 467 humani
742 424 1078 486 corruptionem
1108 421 1161 468 ab
1193 421 1282 488 ipsa
1304 434 1459 470 natura
1481 427 1615 486 origi-

211 502 318 533 nem
343 485 514 534 duxifl‘e.
578 491 720 552 Nam,
738 486 767 534 fi
787 490 886 552 quis
906 489 1035 538 nobis
1056 506 1223 555 paucos
1244 489 1458 553 quosdam
1477 496 1613 540 virtu-

210 556 268 601 tis
287 553 450 615 magna
469 555 607 617 gloria
627 553 812 615 insignes
843 567 1065 619 opponat:
1097 559 1296 621 primum
1326 559 1463 606 multa
1494 561 1611 606 seue·
1677 608 1682 620 ¹

209 639 287 669 rus
307 624 486 670 virtutis
507 621 645 680 iudex,
684 633 732 669 et
751 622 805 670 ad
825 624 1068 688 perfeRam
1089 625 1198 686 legis
1218 623 1393 672 diuinae
1411 627 1612 687 regulam

210 691 388 750 exigens
417 692 580 746 omnia,
613 694 823 754 reperiat,
856 709 968 756 quae
998 696 1041 738 in
1077 694 1142 748 iis,
1173 701 1220 739 et
1246 708 1404 740 eorum
1429 697 1611 751 virtute,

208 760 308 805 iure
335 759 552 821 requirat3
585 756 743 804 deinde
773 758 871 806 illos
902 760 1028 825 ipsos,
1061 758 1092 805 fi
1126 776 1281 806 verum
1310 761 1364 807 de
1393 760 1434 808 se
1466 760 1613 809 dicere

210 824 467 879 voluissent,
503 823 618 873 idem
651 824 768 890 quod
789 827 996 883 Paullum,
1030 830 1178 882 (Rom.
1204 831 1308 888 VII.)
1329 828 1384 875 de
1404 829 1446 876 se
1466 828 1612 876 credi-

209 891 303 940 bile
321 891 383 939 est
401 890 674 940 confessuros
696 890 831 939 fuiffe.
881 898 1082 942 Socrates
1103 894 1295 958 quidem,
1315 912 1445 960 quem
1465 899 1511 943 in
1532 897 1612 944 illo

209 977 400 1008 numero
430 963 625 1025 primum
655 977 812 1007 omncs
835 973 1025 1025 ponunt,
1062 979 1164 1008 cum
1186 963 1326 1010 multa
1351 965 1455 1010 vitia
1473 964 1615 1010 colle·
1661 974 1663 977 '

211 1025 339 1089 giffet
367 1031 413 1074 in
444 1046 547 1075 eum
569 1032 775 1091 Zopyrus
804 1028 1180 1092 physiognomon,
1216 1028 1412 1094 ess'etque
1443 1030 1610 1078 derisus

207 1112 232 1143 a
252 1097 422 1150 ceteris,
443 1098 520 1161 qni
543 1097 614 1143 illa
633 1098 678 1142 in
698 1098 877 1143 Socrate
900 1100 1004 1144 vitia
1026 1114 1118 1144 non
1141 1097 1441 1158 agnoscerent,
1462 1103 1611 1163 Zopy-

205 1178 308 1212 rum
331 1163 575 1210 subleuauit
594 1163 697 1225 ipse,
733 1179 838 1210 cum
868 1164 940 1211 illa
970 1163 1050 1210 fibi
1069 1166 1220 1212 innata
1241 1163 1365 1211 fuiffe
1385 1166 1611 1221 fateretur,

206 1230 280 1278 sed
298 1233 466 1278 ratione
483 1249 507 1277 a
535 1231 577 1277 se
595 1229 762 1277 deiecsta
781 1231 955 1278 diceret.
984 1231 1087 1294 (Cic.
1112 1233 1224 1296 Tbfi.
1250 1230 1335 1286 JV,
1356 1241 1451 1294 37.)
1471 1231 1610 1290 Quod

206 1303 237 1345 fi
256 1302 357 1362 quis
375 1316 427 1346 ex
459 1316 513 1344 eo
535 1296 811 1363 quaesiuiffet,
843 1315 1010 1346 annon
1039 1297 1092 1345 ab
1119 1300 1169 1344 iis
1188 1300 1432 1346 etiamnum
1458 1301 1613 1347 sollici·

206 1375 374 1412 taretur
395 1366 636 1423 interdum,
670 1383 763 1412 non
786 1364 996 1421 dubitem,
1016 1382 1118 1411 eum
1139 1365 1229 1412 hoc
1247 1383 1423 1430 quoque
1444 1367 1612 1415 confes-

205 1432 361 1483 surum
382 1431 519 1482 fuiffe.
553 1436 614 1481 Ex
636 1433 796 1498 quibus
817 1432 937 1480 reae
959 1436 1113 1497 vtique
1133 1433 1385 1494 colligimus
1403 1435 1459 1489 id,
1487 1433 1610 1500 quod

205 1502 538 1566 proposuimus,
562 1512 620 1555 vt,
641 1504 746 1565 quia
766 1511 886 1548 tanta
906 1500 967 1548 est
986 1503 1159 1562 generis
1180 1501 1377 1557 humani,
1389 1514 1436 1550 ct
1453 1513 1611 1550 natura

204 1580 252 1616 et
272 1587 379 1615 vero
399 1571 531 1616 etiam
545 1568 866 1615 consuetudine
884 1586 1017 1633 praua
1035 1570 1277 1632 corruptio,
1289 1569 1607 1616 vt'hominibus
1655 1587 1678 1626 ,’

207 1653 294 1684 neo
311 1637 515 1684 voluntas
537 1636 645 1682 seria
665 1648 714 1682 et
735 1634 938 1681 constans
958 1633 1079 1682 reste
1095 1634 1279 1681 faciendi
1298 1635 1512 1699 suppetat,
1526 1652 1609 1683 neo
1674 1647 1678 1662 ²

207 1707 286 1758 viS,
315 1721 376 1755 ea,
393 1721 509 1768 quae
526 1714 755 1764 vtcunque
775 1702 935 1749 iudicio
958 1705 1131 1757 mentis,
1151 1705 1252 1762 Iege
1272 1700 1420 1750 diuina
1441 1705 1512 1750 vel
1533 1721 1607 1750 na·-

207 1771 342 1818 turali
366 1773 434 1817 vel
445 1770 601 1835 scripta
613 1767 898 1824 collusit-atae,
909 1769 1208 1833 probauerint,
1220 1769 1428 1832 sequendi
1440 1773 1609 1831 integre

208 1847 256 1884 et
275 1837 536 1895 constanter,
546 1855 596 1884 ae
607 1836 871 1901 perficiendi,
882 1848 941 1890 vt,
955 1839 1146 1900 inquam,
1156 1839 1185 1883 ii
1195 1834 1285 1883 fine
1297 1837 1377 1884 alia
1390 1855 1506 1885 noua
1519 1855 1609 1903 ope.

206 1923 294 1953 nec
304 1905 407 1953 salui
417 1903 516 1961 effe,
527 1916 573 1952 et
582 1904 636 1951 ad
648 1905 903 1951 felicitatem
913 1903 941 1950 fi
954 1905 1036 1964 legi
1052 1905 1243 1951 seruatae
1254 1902 1361 1950 effet
1369 1903 1614 1970 propofita,

207 1974 441 2039 adspirare,
461 1989 546 2020 nec
556 1974 611 2018 ad
623 1989 771 2018 veram
794 1969 1063 2019 satientatem
1082 1973 1316 2036 peruenire
1334 1972 1507 2036 poffint.

1651 1888 1679 2018 l

309 2057 386 2104 25.
416 2040 609 2087 Videant
630 2042 762 2102 igitur
782 2042 910 2086 etiam
933 2052 1067 2104 atque
1085 2042 1230 2093 etiam,
1262 2040 1367 2103 quid
1388 2050 1532 2102 agant,
1562 2048 1610 2088 et
1674 2068 1677 2073 Δ

205 2110 255 2158 in
274 2126 379 2174 quas
400 2109 442 2156 se
466 2106 742 2155 difficultates
766 2106 1019 2171 impediant,
1038 2108 1114 2171 qui
1132 2111 1281 2154 Deum
1300 2118 1466 2168 negant
1484 2104 1609 2173 poffe
1674 2116 1677 2170 J

206 2178 290 2225 alia
308 2176 364 2224 ad
382 2177 640 2224 felicitatem
661 2177 729 2222 via
740 2176 948 2221 homines
970 2174 1199 2231 adducere,
1233 2192 1364 2239 quam
1393 2191 1508 2240 quae
1527 2191 1610 2238 per
1674 2183 1677 2191 ⁴

205 2245 454 2292 naturalem
487 2254 534 2291 et
569 2242 846 2290 necessariam
880 2243 1145 2303 religionem
1175 2241 1329 2295 ducat,
1362 2254 1451 2288 nec
1474 2241 1608 2290 vllam

202 2315 309 2359 Deo
327 2315 374 2359 in
392 2313 610 2373 religione
639 2311 888 2358 libertatem
912 2310 1077 2357 arbitrii
1105 2308 1380 2357 concedunt!
1413 2311 1610 2365 Etenim,

203 2379 236 2428 {i
257 2383 378 2427 Deus
399 2397 486 2426 nec
504 2396 585 2443 per
604 2390 804 2428 naturam
825 2378 940 2424 suam
965 2379 1118 2442 potuit
1135 2378 1271 2425 talem
1301 2376 1444 2424 salutis
1474 2379 1609 2424 ratio-

203 2463 326 2503 nem,
361 2448 536 2512 qualem
571 2459 676 2494 ante
705 2446 902 2497 diximus,
937 2443 1176 2503 instituere,
1206 2441 1528 2499 nec'instituit3
1560 2453 1608 2496 et

203 2513 282 2578 ipfi
303 2515 477 2562 ademta
495 2513 559 2562 est
577 2515 758 2561 facultas
779 2514 1017 2559 hominum
1038 2511 1364 2566 seruandomm‚
1400 2521 1445 2556 et
1463 2510 1609 2558 homi-
1673 2519 1677 2531 ·’

208 2579 342 2628 nibus
374 2583 471 2646 spes
504 2582 652 2630 salutis
671 2593 718 2629 et
738 2581 952 2628 felicitatis
971 2577 1189 2627 coelestis:
1245 2581 1366 2624 Nam
1387 2594 1489 2624 cum
1513 2579 1611 2642 pla-⁹
1675 2583 1676 2586 ’

206 2665 325 2700 num
343 2646 397 2701 fit
416 2666 469 2699 ex
488 2650 550 2708 iis,
584 2666 698 2721 quae
717 2648 917 2705 diximus,
955 2649 1047 2715 legi
1064 2645 1251 2697 naturali
1277 2655 1413 2716 atque
1433 2645 1608 2698 diuinae

1512 2729 1608 2765 non
