1682 3068
179 179 276 228 354
380 179 456 209 ΒΕ
508 177 898 217 ulscxrzxua.
951 178 1378 212 culus’rxnun

177 285 502 348 intelligentiae
518 285 719 348 superet3
749 299 881 349 quam
900 283 1102 332 videmus
1119 286 1164 333 in
1187 285 1319 336 rebus
1339 287 1449 347 εὔξῃ
1464 306 1579 355 quae

177 357 280 410 sunt
301 372 327 401 e
353 370 518 414 genere
551 350 697 409 fimili,
738 351 828 400 hoo
843 349 926 408 est,
970 351 1344 407 coniunstionem
1365 359 1580 405 oumsen.

177 422 293 472 sibus
321 422 391 469 vel
413 421 599 468 internis
630 419 702 468 vel
729 422 917 468 externis
943 419 1136 475 habent,
1180 425 1500 488 pertinentque
1524 426 1580 477 ad

177 491 293 549 bene
313 488 577 546 viuendum,
616 488 713 545 satis
738 485 823 534 esse
850 489 896 535 in
916 487 1156 549 cogitando
1188 502 1234 538 et
1260 489 1580 539 considerando

178 559 402 607 solertem.
481 560 585 608 Nec
604 571 711 602 vero
738 554 875 603 videri
894 555 1108 603 debemus
1134 559 1235 620 plus
1262 558 1458 606 tribuere
1475 560 1581 608 huic

178 625 345 675 astioni
365 624 517 681 animi,
551 640 682 687 quam
697 640 766 670 res
786 636 832 669 et
849 626 960 670 ratio
980 625 1145 685 reliqua
1162 628 1356 673 veritatis
1377 629 1583 692 patiatur,

181 706 230 743 et
247 693 491 748 detrahere,
522 689 642 756 quod
664 692 847 756 Spiritus
868 690 1007 738 diuini
1026 690 1097 746 est,
1129 704 1176 740 vt
1195 692 1376 741 addatur
1395 695 1581 746 homini.

177 763 360 812 Etenim
376 762 595 824 primum,
627 773 723 805 non
745 754 806 813 est
825 757 955 805 nobis
975 758 1120 806 sermo
1141 760 1197 807 de
1219 762 1426 820 homine,
1440 764 1581 827 vSpiri-

178 841 253 879 tus
285 826 420 877 sanffl
449 826 627 893 prorsus
657 834 857 890 experte,
899 828 969 872 cui
1000 827 1109 873 haec
1142 827 1390 892 disciplina,
1433 829 1582 894 quoad

181 895 361 964 quidem
384 893 647 943 exercendae
665 894 840 941 virtutis
860 892 1047 940 modum
1072 893 1219 951 habet,
1250 896 1453 946 nondum
1473 915 1583 946 con·

179 965 330 1014 venit:
386 980 470 1010 nec
497 979 595 1009 eam
611 963 723 1018 vim,
764 978 897 1024 quam
922 978 948 1006 e
967 962 1236 1021 cogitatione
1265 962 1581 1028 suspendimus,

178 1043 271 1086 tam
290 1029 423 1096 ipsius
443 1028 604 1077 assioni
625 1028 814 1074 naturali
833 1026 1127 1083 adscribimus,
1148 1047 1279 1094 quam
1296 1035 1337 1079 ei
1354 1034 1430 1087 rei,
1448 1049 1581 1097 quam

177 1098 352 1160 afflone
373 1099 446 1146 sua
464 1094 806 1160 comprehendit
823 1106 869 1142 et
886 1092 1065 1153 trastat,
1097 1097 1188 1145 hoc
1205 1096 1290 1155 est,
1321 1100 1459 1149 verbo
1480 1102 1577 1147 Dei.

178 1167 288 1224 Sed,
323 1164 436 1213 ficut
454 1163 855 1220 medicamentum,
893 1161 970 1209 nisi
987 1162 1199 1221 sumatur,
1238 1183 1318 1221 eo,
1354 1184 1443 1231 quo
1465 1166 1580 1215 iuffit

178 1235 404 1291 medicus,
446 1230 608 1289 modo,
639 1229 785 1278 sanare
803 1229 1009 1277 morbum
1032 1247 1127 1278 non
1148 1230 1310 1296 potest,
1348 1251 1435 1282 nec
1453 1235 1580 1282 cibus

178 1306 354 1352 nutrire
376 1317 541 1364 corpus
554 1335 566 1355 ,
602 1296 682 1345 nifi
706 1297 874 1345 sumtus
894 1308 941 1344 et
961 1296 1207 1346 concoEius
1227 1297 1580 1351 afflone-ventri·

180 1372 294 1426 culi;
362 1385 448 1416 nec
467 1378 617 1414 tamen
637 1363 752 1412 affin
775 1364 976 1412 sumendi
996 1366 1087 1430 ipsa
1106 1367 1224 1414 sanat
1240 1378 1289 1415 et
1306 1371 1478 1429 nutrit,
1506 1369 1580 1417 sed

175 1438 495 1495 medicamenti
515 1445 560 1481 et
582 1431 668 1480 cibi
688 1434 775 1480 vis:
816 1430 875 1479 fic
903 1433 1128 1494 cogitandi
1157 1432 1270 1483 astio
1299 1435 1359 1484 est
1381 1438 1458 1485 illa
1483 1439 1580 1502 qui·¹

180 1505 286 1554 dem
316 1502 573 1559 necessaria,
613 1517 699 1547 nec
716 1511 867 1547 tamen
894 1501 985 1566 ipsa
1012 1499 1089 1549 fibi
1114 1500 1406 1552 sanstificandi
1427 1506 1516 1552 vim
1533 1516 1580 1551 et

178 1572 361 1626 laudem
391 1579 591 1632 arrogat,
630 1568 702 1629 sed
725 1585 821 1614 eam
845 1585 1029 1615 omnem
1047 1570 1185 1618 verbo
1205 1574 1312 1627 Dei,
1355 1583 1400 1618 et
1427 1589 1510 1635 per
1534 1570 1579 1619 id

179 1642 389 1690 mouenti
415 1641 613 1686 animum
648 1647 694 1685 et
715 1633 913 1683 flestenti
941 1638 1122 1700 Spiritui
1162 1635 1311 1686 sansto
1339 1639 1579 1702 relinquit:

180 1712 263 1774 qui
283 1725 386 1755 cum
406 1711 506 1754 Deo
526 1709 664 1760 Patre,
693 1713 740 1749 et
759 1701 848 1749 filio
869 1704 961 1750 eius
979 1702 1074 1751 Iesu
1095 1703 1282 1761 Christo,
1309 1705 1514 1754 laudetur
1534 1717 1580 1753 et

180 1775 430 1832 celebretur
454 1775 504 1822 in
525 1787 662 1822 omne
676 1771 884 1834 tempus!

1370 2683 1583 2775 mem?
1655 2764 1658 2766 ,
