1682 3068
197 185 296 234 394
531 186 608 218 ns
669 185 939 219 orrxexo
992 185 1272 222 cunm-rx

199 290 495 342 offenlionem
518 294 790 357 imputantes
807 293 938 342 rebus
958 296 1148 343 innoxiis
1167 303 1214 341 et
1231 291 1402 342 sanais.
1466 295 1608 362 Saepe

198 365 332 409 etiam
369 363 416 408 in
452 363 504 407 iis
537 359 688 422 figuris
724 361 913 410 latebras
953 364 1149 428 quaerit,
1216 362 1440 410 interdum
1471 365 1608 412 etiam

195 431 374 477 inuenit
407 430 599 492 pmuitas
635 430 924 493 opinionum:
959 448 1108 494 neque
1139 431 1257 477 enirn
1293 432 1528 494 quicquam
1555 431 1610 477 iis

197 494 282 552 est,
316 507 365 543 vt
397 498 623 543 inimicius
659 501 934 562 proprietate
968 498 1228 554 verborum,
1264 496 1324 544 sic
1355 501 1540 545 amicius
1560 507 1608 546 et

195 563 577 612 accommodatius
613 561 779 624 figuris.
847 571 972 622 Quae
1002 568 1121 613 enim
1154 566 1233 612 al3a
1259 565 1491 613 inuolucra
1512 583 1610 632 pra-
1681 602 1682 612 ἶ

196 634 324 681 vitati
359 633 622 696 opinionum
655 631 830 680 suarum
853 631 1098 681 circumdat
1133 633 1431 696 Mysticorum
1465 645 1511 680 et
1529 638 1610 682 Fa·
1681 643 1682 693 g

198 702 457 748 naticorum'
487 702 631 754 nati0,
681 711 727 747 et
757 700 916 765 quibus
948 701 1038 747 aliis
1067 701 1283 748 illecebris
1315 703 1455 761 magis
1488 703 1608 766 capit

199 770 374 815 animos
419 765 657 832 simpliceS,
725 779 771 814 et
805 769 910 832 quid
951 768 1204 829 intelligant
1245 785 1330 815 nec
1379 786 1453 826 ne,
1522 785 1607 829 nec
1680 791 1682 828 j

202 834 520 898 discernentes,
588 851 672 881 nec
718 836 772 882 ad
816 835 1155 884 discernendum
1197 838 1385 883 acutos?
1486 837 1607 891 Quid
1681 878 1682 899 ἶ

199 903 324 968 quod
358 905 487 950 etiam
519 901 687 949 facilius
721 915 766 950 et
801 914 1073 966 torquentur
1111 903 1163 949 ad
1196 902 1498 950 defensionem
1539 923 1608 952 er·

199 987 382 1025 rorum,
437 981 483 1016 et
518 969 748 1033 decipiunt
780 986 872 1017 non
895 970 1014 1017 bene
1047 980 1200 1017 cautos
1236 971 1379 1035 speeie
1409 972 1610 1035 quadam,
1681 986 1682 1023 f

199 1055 315 1104 quae
367 1037 498 1084 facile
551 1038 695 1084 oritur
745 1036 799 1083 ab
854 1053 1005 1084 earum
1064 1037 1246 1083 naturali
1305 1038 1607 1099 ambiguitate.

196 1108 432 1170 Denique,
484 1121 617 1169 quam
649 1103 777 1150 facile
808 1114 856 1150 et
886 1104 1014 1168 saepe
1063 1105 1278 1151 immiscet
1304 1105 1352 1152 se
1388 1107 1609 1169 phantasia

198 1174 317 1222 male
352 1172 518 1225 sedula,
572 1182 618 1218 et
646 1170 805 1218 lusibus
836 1170 944 1229 suis,
994 1172 1261 1234 plerumque
1289 1173 1529 1221 humilibus
1560 1186 1608 1222 et

196 1241 394 1300 indignis
426 1255 578 1286 rerum
612 1238 876 1286 sublimitate
912 1237 1136 1296 inuifibili,
1168 1239 1393 1287 deformat
1421 1259 1490 1288 res
1511 1242 1606 1289 sana

197 1307 438 1356 Riffimas'?
511 1311 639 1363 Quae
683 1308 794 1354 mala
834 1308 983 1354 omnia
1024 1321 1267 1371 eruperunt
1310 1309 1358 1355 in
1398 1310 1515 1356 hanc
1546 1309 1605 1358 sa·
1681 1330 1682 1371 3

199 1374 391 1424 cerdotii
430 1373 619 1436 figuram
660 1374 713 1421 ad
752 1371 942 1421 nostram
978 1374 1110 1437 vsque
1152 1386 1342 1422 aetatem
1375 1393 1424 1423 ea
1458 1378 1609 1424 multi·
1681 1406 1682 1437 3

199 1444 378 1499 tudme,
415 1454 464 1490 vt
492 1444 540 1490 in
568 1445 620 1492 iis
640 1441 889 1491 enarrandis
909 1451 955 1490 et
971 1441 1224 1492 refellendis
1252 1441 1352 1492 iusti
1370 1445 1606 1498 voluminis
1681 1448 1682 1477 ³

198 1514 382 1560 materia
401 1509 461 1561 sit.

339 1653 524 1704 Quanto
570 1664 680 1709 ergo
729 1647 887 1694 melius
932 1655 977 1694 et
1018 1646 1229 1695 salubrius
1263 1655 1309 1693 et
1349 1648 1490 1694 tutius
1527 1644 1603 1706 est,

198 1716 248 1763 in
291 1733 340 1761 re
383 1726 503 1762 tanta
534 1714 787 1779 explicanda
815 1724 971 1760 tenere
1009 1713 1337 1778 simplieitatem
1374 1717 1605 1776 Euangeli-

162 1781 168 1786 ”
201 1799 321 1839 cam,
377 1800 491 1846 quae
530 1783 660 1828 nullis
694 1783 896 1843 argutiis,
945 1782 1177 1828 calumniis
1207 1792 1254 1828 et
1278 1781 1606 1846 deprauationi-

197 1851 284 1899 bus
318 1850 508 1898 obnoxia
537 1848 608 1903 fit,
650 1848 722 1895 sed
752 1846 975 1896 mentibus
996 1851 1224 1896 veritatem
1241 1851 1377 1917 ipsam
1410 1849 1463 1896 ad
1481 1849 1605 1899 reite

195 1916 538 1979 intelligendum
583 1917 832 1981 perspicue,
899 1927 944 1962 et
985 1915 1037 1962 ad
1080 1919 1250 1963 animos
1303 1916 1606 1974 admiratione,
1653 1914 1682 1957 »ἶ

133 2016 135 2018 -
198 1989 381 2052 pietate,
415 1996 460 2031 et
482 1985 636 2031 solatio
657 1982 923 2030 imbuendos
943 1981 1178 2030 efficaciter
1196 1995 1432 2048 proponat.
1511 1990 1604 2033 Ha·
1681 2031 1682 2034 ,

203 2054 362 2102 bemus
395 2056 682 2100 Seruatorem
720 2067 955 2111 magnum,
1001 2049 1261 2099 destinatum
1282 2051 1607 2100 nobisaeterno

197 2121 439 2186 sapientiae
461 2119 636 2167 diuinae
657 2116 859 2175 consilio,
893 2118 1034 2166 filium
1054 2121 1141 2166 Dei
1159 2119 1326 2184 ipsum,
1360 2121 1434 2185 qui
1463 2119 1604 2168 faetus
1650 2180 1653 2181 ⁷

196 2191 365 2244 homo,
403 2198 450 2234 vt
468 2185 608 2252 poffet
639 2189 829 2233 humana
853 2202 990 2249 opera
1011 2186 1172 2245 facere,
1218 2198 1266 2235 et
1285 2188 1502 2235 humanos
1523 2187 1604 2236 do-

195 2258 318 2305 lores
354 2256 663 2318 humanasque
690 2271 857 2318 poenas
890 2254 1121 2319 suscipere,
1189 2253 1483 2302 neceffitatem
1517 2272 1604 2320 pu-

196 2324 467 2372 niendorum
500 2342 523 2370 a
551 2325 650 2369 Deo
679 2332 966 2385 peccatorum
996 2320 1249 2369 nostrorum
1275 2321 1464 2378 sustulit,
1514 2324 1604 2383 legi

197 2391 377 2438 diuinae
402 2391 527 2437 suum
549 2392 636 2445 iuS,
677 2390 793 2435 suam
823 2387 1127 2437 auttoritatem
1150 2389 1379 2436 reddendo
1407 2388 1602 2454 perfeRa

196 2457 424 2505 sanssitate
448 2469 495 2504 et
516 2455 765 2504 obedientia
795 2455 892 2513 sua,
936 2473 1103 2520 poenas
1131 2468 1281 2504 autem
1311 2468 1603 2522 peccatorum
1659 2473 1682 2501 ‘l

196 2525 503 2573 humanorum
526 2523 707 2572 iustitiae
729 2522 908 2570 diuinae
930 2524 1242 2585 pei-soluendo,
1285 2535 1334 2573 vt
1353 2525 1602 2585 benignitas
1663 2543 1672 2566 ·2

196 2594 357 2648 Patris,
409 2592 526 2641 saluo
554 2593 640 2640 iam
671 2587 857 2639 iustitiae
886 2593 1003 2651 iure,
1049 2593 1166 2642 salua
1191 2593 1429 2658 sapientiae
1462 2592 1603 2651 digni-

1491 2669 1599 2718 tate,

1654 1679 1675 1837 'nn-hb&-
