<?xml version="1.0" encoding="UTF-8"?>
<!DOCTYPE html PUBLIC "-//W3C//DTD XHTML 1.0 Transitional//EN"
    "http://www.w3.org/TR/xhtml1/DTD/xhtml1-transitional.dtd">
<html xmlns="http://www.w3.org/1999/xhtml" xml:lang="en" lang="en">
 <head>
  <title>
</title>
<meta http-equiv="Content-Type" content="text/html;charset=utf-8" />
  <meta name='ocr-system' content='tesseract 3.04.00' />
  <meta name='ocr-capabilities' content='ocr_page ocr_carea ocr_par ocr_line ocrx_word'/>
</head>
<body>
  <div class='ocr_page' id='page_1' title='image "./opusculatheologi00erneuoft_0519.png"; bbox 0 0 1682 3068; ppageno 0'>
   <div class='ocr_carea' id='block_1_1' title="bbox 0 0 269 67">
    <p class='ocr_par' dir='ltr' id='par_1_1' title="bbox 0 0 269 78">
     <span class='ocr_line' id='line_1_1' title="bbox 0 0 269 67; baseline 0.004 -38"><span class='ocrx_word' id='word_1_1' title='bbox 0 0 269 67; x_wconf 49' lang='grc' dir='ltr'>ΕΗΤΠΙῖ</span> 
     </span>
    </p>
   </div>
   <div class='ocr_carea' id='block_1_2' title="bbox 82 464 1400 842">
    <p class='ocr_par' dir='ltr' id='par_1_2' title="bbox 82 464 1400 842">
     <span class='ocr_line' id='line_1_2' title="bbox 702 464 800 510; baseline 0 0"><span class='ocrx_word' id='word_1_2' title='bbox 702 464 800 510; x_wconf 89' lang='lat' dir='ltr'>DE</span> 
     </span>
     <span class='ocr_line' id='line_1_3' title="bbox 82 529 1400 655; baseline -0.008 -25"><span class='ocrx_word' id='word_1_3' title='bbox 82 537 577 655; x_wconf 39' lang='lat' dir='ltr'>·A‡VAR1T1A</span> <span class='ocrx_word' id='word_1_4' title='bbox 653 529 1400 623; x_wconf 38' lang='lat' dir='ltr'><strong>E‘CCLESIASTICA</strong></span> 
     </span>
     <span class='ocr_line' id='line_1_4' title="bbox 615 694 788 740; baseline -0.023 1"><span class='ocrx_word' id='word_1_5' title='bbox 615 694 618 695; x_wconf 34' lang='lat'><em>⁷</em></span> <span class='ocrx_word' id='word_1_6' title='bbox 711 698 788 740; x_wconf 92' lang='lat' dir='ltr'>ET</span> 
     </span>
     <span class='ocr_line' id='line_1_5' title="bbox 193 789 1325 842; baseline -0.004 0"><span class='ocrx_word' id='word_1_7' title='bbox 193 793 478 842; x_wconf 77' lang='lat' dir='ltr'>SALVIANI</span> <span class='ocrx_word' id='word_1_8' title='bbox 512 793 652 839; x_wconf 81' lang='lat' dir='ltr'>ADV.</span> <span class='ocrx_word' id='word_1_9' title='bbox 681 791 1038 838; x_wconf 83' lang='lat' dir='ltr'>AVARITIAM</span> <span class='ocrx_word' id='word_1_10' title='bbox 1069 789 1325 837; x_wconf 81' lang='lat' dir='ltr'>LIBELLO</span> 
     </span>
    </p>
   </div>
   <div class='ocr_carea' id='block_1_3' title="bbox 555 960 931 972">
    <p class='ocr_par' dir='ltr' id='par_1_3' title="bbox 555 960 931 972">
     <span class='ocr_line' id='line_1_6' title="bbox 555 960 931 972; baseline 0 2096"><span class='ocrx_word' id='word_1_11' title='bbox 555 960 931 972; x_wconf 95' lang='lat' dir='ltr'> </span> 
     </span>
    </p>
   </div>
   <div class='ocr_carea' id='block_1_4' title="bbox 177 1094 1454 1232">
    <p class='ocr_par' dir='ltr' id='par_1_4' title="bbox 177 1094 1454 1232">
     <span class='ocr_line' id='line_1_7' title="bbox 181 1094 1454 1171; baseline -0.005 -22"><span class='ocrx_word' id='word_1_12' title='bbox 181 1099 380 1150; x_wconf 69' lang='lat' dir='ltr'>ustrinae</span> <span class='ocrx_word' id='word_1_13' title='bbox 407 1098 615 1166; x_wconf 86' lang='lat' dir='ltr'>publicae</span> <span class='ocrx_word' id='word_1_14' title='bbox 643 1095 947 1171; x_wconf 74' lang='lat' dir='ltr'><strong>emendandae</strong></span> <span class='ocrx_word' id='word_1_15' title='bbox 973 1098 1117 1151; x_wconf 89' lang='lat' dir='ltr'>initia,</span> <span class='ocrx_word' id='word_1_16' title='bbox 1145 1111 1284 1143; x_wconf 90' lang='lat' dir='ltr'>nemo</span> <span class='ocrx_word' id='word_1_17' title='bbox 1311 1094 1454 1144; x_wconf 85' lang='lat' dir='ltr'>nescit</span> 
     </span>
     <span class='ocr_line' id='line_1_8' title="bbox 177 1145 1453 1232; baseline -0.006 -15"><span class='ocrx_word' id='word_1_18' title='bbox 177 1167 288 1223; x_wconf 68' lang='lat' dir='ltr'>fasta</span> <span class='ocrx_word' id='word_1_19' title='bbox 303 1165 389 1216; x_wconf 83' lang='lat' dir='ltr'>effe</span> <span class='ocrx_word' id='word_1_20' title='bbox 406 1166 710 1232; x_wconf 84' lang='lat' dir='ltr'>oppugnanda</span> <span class='ocrx_word' id='word_1_21' title='bbox 719 1145 860 1214; x_wconf 90' lang='lat' dir='ltr'>foeda</span> <span class='ocrx_word' id='word_1_22' title='bbox 889 1167 1079 1220; x_wconf 84' lang='lat' dir='ltr'>auaritia,</span> <span class='ocrx_word' id='word_1_23' title='bbox 1116 1181 1232 1230; x_wconf 88' lang='lat' dir='ltr'>quae</span> <span class='ocrx_word' id='word_1_24' title='bbox 1252 1181 1333 1229; x_wconf 87' lang='lat' dir='ltr'>per</span> <span class='ocrx_word' id='word_1_25' title='bbox 1350 1164 1453 1210; x_wconf 89' lang='lat' dir='ltr'>lene</span> 
     </span>
    </p>
   </div>
   <div class='ocr_carea' id='block_1_5' title="bbox 0 1230 1452 1302">
    <p class='ocr_par' dir='ltr' id='par_1_5' title="bbox 0 1230 1452 1302">
     <span class='ocr_line' id='line_1_9' title="bbox 0 1230 1452 1302; baseline -0.006 -13"><span class='ocrx_word' id='word_1_26' title='bbox 0 1230 4 1236; x_wconf 43' lang='grc'>’</span> <span class='ocrx_word' id='word_1_27' title='bbox 45 1240 321 1302; x_wconf 69' lang='lat' dir='ltr'>indulgentiae</span> <span class='ocrx_word' id='word_1_28' title='bbox 356 1252 553 1291; x_wconf 88' lang='lat' dir='ltr'>nomen,</span> <span class='ocrx_word' id='word_1_29' title='bbox 597 1252 691 1283; x_wconf 87' lang='lat' dir='ltr'>non</span> <span class='ocrx_word' id='word_1_30' title='bbox 721 1234 859 1282; x_wconf 88' lang='lat' dir='ltr'>modo</span> <span class='ocrx_word' id='word_1_31' title='bbox 889 1237 934 1280; x_wconf 91' lang='lat' dir='ltr'>in</span> <span class='ocrx_word' id='word_1_32' title='bbox 963 1235 1172 1297; x_wconf 84' lang='lat' dir='ltr'>pecunias</span> <span class='ocrx_word' id='word_1_33' title='bbox 1207 1233 1452 1280; x_wconf 89' lang='lat' dir='ltr'>hominum</span> 
     </span>
    </p>
   </div>
   <div class='ocr_carea' id='block_1_6' title="bbox 42 1299 1453 1638">
    <p class='ocr_par' dir='ltr' id='par_1_6' title="bbox 42 1299 1453 1638">
     <span class='ocr_line' id='line_1_10' title="bbox 45 1299 1453 1365; baseline -0.004 -13"><span class='ocrx_word' id='word_1_34' title='bbox 45 1306 165 1352; x_wconf 73' lang='lat' dir='ltr'>male</span> <span class='ocrx_word' id='word_1_35' title='bbox 190 1303 476 1352; x_wconf 80' lang='lat' dir='ltr'>credulorum</span> <span class='ocrx_word' id='word_1_36' title='bbox 503 1301 703 1359; x_wconf 82' lang='lat' dir='ltr'>saeuiret,</span> <span class='ocrx_word' id='word_1_37' title='bbox 739 1301 815 1350; x_wconf 87' lang='lat' dir='ltr'>sed</span> <span class='ocrx_word' id='word_1_38' title='bbox 844 1305 977 1349; x_wconf 88' lang='lat' dir='ltr'>etiam</span> <span class='ocrx_word' id='word_1_39' title='bbox 998 1299 1275 1365; x_wconf 85' lang='lat' dir='ltr'>disciplinam</span> <span class='ocrx_word' id='word_1_40' title='bbox 1297 1299 1453 1347; x_wconf 86' lang='lat' dir='ltr'>Eccle-</span> 
     </span>
     <span class='ocr_line' id='line_1_11' title="bbox 47 1368 1449 1435; baseline -0.004 -16"><span class='ocrx_word' id='word_1_41' title='bbox 47 1368 149 1428; x_wconf 75' lang='lat' dir='ltr'>fiae,</span> <span class='ocrx_word' id='word_1_42' title='bbox 180 1370 237 1419; x_wconf 80' lang='lat' dir='ltr'>ad</span> <span class='ocrx_word' id='word_1_43' title='bbox 264 1369 560 1420; x_wconf 65' lang='lat' dir='ltr'>coercendam</span> <span class='ocrx_word' id='word_1_44' title='bbox 590 1368 803 1435; x_wconf 83' lang='lat' dir='ltr'>peccandi</span> <span class='ocrx_word' id='word_1_45' title='bbox 834 1368 1066 1416; x_wconf 80' lang='lat' dir='ltr'>libidinem</span> <span class='ocrx_word' id='word_1_46' title='bbox 1094 1378 1321 1431; x_wconf 88' lang='lat' dir='ltr'>vtcunque</span> <span class='ocrx_word' id='word_1_47' title='bbox 1341 1383 1449 1414; x_wconf 89' lang='lat' dir='ltr'>con-</span> 
     </span>
     <span class='ocr_line' id='line_1_12' title="bbox 45 1435 1451 1502; baseline -0.003 -14"><span class='ocrx_word' id='word_1_48' title='bbox 45 1436 255 1492; x_wconf 81' lang='lat' dir='ltr'>ffitutam,</span> <span class='ocrx_word' id='word_1_49' title='bbox 281 1449 520 1496; x_wconf 81' lang='lat' dir='ltr'>enei-teret,</span> <span class='ocrx_word' id='word_1_50' title='bbox 554 1436 761 1502; x_wconf 84' lang='lat' dir='ltr'>denique,</span> <span class='ocrx_word' id='word_1_51' title='bbox 782 1436 902 1502; x_wconf 86' lang='lat' dir='ltr'>quod</span> <span class='ocrx_word' id='word_1_52' title='bbox 922 1435 1159 1501; x_wconf 69' lang='lat' dir='ltr'>pessimum</span> <span class='ocrx_word' id='word_1_53' title='bbox 1175 1446 1282 1491; x_wconf 85' lang='lat' dir='ltr'>erat,</span> <span class='ocrx_word' id='word_1_54' title='bbox 1309 1435 1451 1498; x_wconf 85' lang='lat' dir='ltr'>ipsam</span> 
     </span>
     <span class='ocr_line' id='line_1_13' title="bbox 42 1502 1448 1570; baseline -0.004 -16"><span class='ocrx_word' id='word_1_55' title='bbox 42 1507 275 1568; x_wconf 75' lang='lat' dir='ltr'>religionis</span> <span class='ocrx_word' id='word_1_56' title='bbox 302 1506 518 1554; x_wconf 86' lang='lat' dir='ltr'>summam</span> <span class='ocrx_word' id='word_1_57' title='bbox 547 1515 871 1570; x_wconf 82' lang='lat' dir='ltr'>corrumperet,</span> <span class='ocrx_word' id='word_1_58' title='bbox 902 1505 1140 1552; x_wconf 86' lang='lat' dir='ltr'>hominum</span> <span class='ocrx_word' id='word_1_59' title='bbox 1162 1506 1336 1550; x_wconf 89' lang='lat' dir='ltr'>animos</span> <span class='ocrx_word' id='word_1_60' title='bbox 1354 1502 1448 1550; x_wconf 88' lang='lat' dir='ltr'>foe·</span> 
     </span>
     <span class='ocr_line' id='line_1_14' title="bbox 45 1570 1448 1638; baseline -0.002 -17"><span class='ocrx_word' id='word_1_61' title='bbox 45 1574 101 1621; x_wconf 73' lang='lat' dir='ltr'>da</span> <span class='ocrx_word' id='word_1_62' title='bbox 126 1570 434 1637; x_wconf 85' lang='lat' dir='ltr'>superstitione</span> <span class='ocrx_word' id='word_1_63' title='bbox 465 1573 686 1638; x_wconf 81' lang='lat' dir='ltr'>oppleret,</span> <span class='ocrx_word' id='word_1_64' title='bbox 718 1570 1021 1638; x_wconf 85' lang='lat' dir='ltr'>peccandique</span> <span class='ocrx_word' id='word_1_65' title='bbox 1052 1572 1274 1618; x_wconf 86' lang='lat' dir='ltr'>licentiam</span> <span class='ocrx_word' id='word_1_66' title='bbox 1294 1588 1448 1619; x_wconf 90' lang='lat' dir='ltr'>corro-</span> 
     </span>
    </p>
   </div>
   <div class='ocr_carea' id='block_1_7' title="bbox 19 1639 1451 1704">
    <p class='ocr_par' dir='ltr' id='par_1_7' title="bbox 19 1639 1451 1704">
     <span class='ocr_line' id='line_1_15' title="bbox 19 1639 1451 1704; baseline -0.003 -14"><span class='ocrx_word' id='word_1_67' title='bbox 19 1640 220 1694; x_wconf 72' lang='lat' dir='ltr'>,humet</span> <span class='ocrx_word' id='word_1_68' title='bbox 243 1651 376 1703; x_wconf 74' lang='lat' dir='ltr'>atque</span> <span class='ocrx_word' id='word_1_69' title='bbox 394 1650 591 1701; x_wconf 84' lang='lat' dir='ltr'>augeret.</span> <span class='ocrx_word' id='word_1_70' title='bbox 654 1642 743 1688; x_wconf 81' lang='lat' dir='ltr'>Alii</span> <span class='ocrx_word' id='word_1_71' title='bbox 762 1651 880 1695; x_wconf 83' lang='lat' dir='ltr'>ante,</span> <span class='ocrx_word' id='word_1_72' title='bbox 909 1640 1096 1704; x_wconf 86' lang='lat' dir='ltr'>aliisque</span> <span class='ocrx_word' id='word_1_73' title='bbox 1122 1641 1169 1685; x_wconf 88' lang='lat' dir='ltr'>in</span> <span class='ocrx_word' id='word_1_74' title='bbox 1197 1639 1326 1696; x_wconf 83' lang='lat' dir='ltr'>locis,</span> <span class='ocrx_word' id='word_1_75' title='bbox 1357 1639 1451 1695; x_wconf 82' lang='lat' dir='ltr'>viri,</span> 
     </span>
    </p>
   </div>
   <div class='ocr_carea' id='block_1_8' title="bbox 41 1705 1449 2175">
    <p class='ocr_par' dir='ltr' id='par_1_8' title="bbox 41 1705 1449 2175">
     <span class='ocr_line' id='line_1_16' title="bbox 42 1705 1449 1772; baseline -0.004 -14"><span class='ocrx_word' id='word_1_76' title='bbox 42 1714 175 1758; x_wconf 79' lang='lat' dir='ltr'>etiam</span> <span class='ocrx_word' id='word_1_77' title='bbox 201 1706 319 1756; x_wconf 66' lang='lat' dir='ltr'>desti</span> <span class='ocrx_word' id='word_1_78' title='bbox 350 1719 398 1755; x_wconf 88' lang='lat' dir='ltr'>et</span> <span class='ocrx_word' id='word_1_79' title='bbox 427 1708 556 1763; x_wconf 87' lang='lat' dir='ltr'>boni,</span> <span class='ocrx_word' id='word_1_80' title='bbox 584 1707 972 1772; x_wconf 88' lang='lat' dir='ltr'>improbauerant</span> <span class='ocrx_word' id='word_1_81' title='bbox 1011 1705 1295 1772; x_wconf 84' lang='lat' dir='ltr'>perniciosam</span> <span class='ocrx_word' id='word_1_82' title='bbox 1325 1706 1449 1757; x_wconf 82' lang='lat' dir='ltr'>illam</span> 
     </span>
     <span class='ocr_line' id='line_1_17' title="bbox 42 1774 1446 1839; baseline -0.001 -15"><span class='ocrx_word' id='word_1_83' title='bbox 42 1776 292 1833; x_wconf 69' lang='lat' dir='ltr'>auaritiam</span> <span class='ocrx_word' id='word_1_84' title='bbox 321 1775 394 1822; x_wconf 91' lang='lat' dir='ltr'>sed</span> <span class='ocrx_word' id='word_1_85' title='bbox 412 1786 487 1823; x_wconf 87' lang='lat' dir='ltr'>aut</span> <span class='ocrx_word' id='word_1_86' title='bbox 504 1775 635 1823; x_wconf 84' lang='lat' dir='ltr'>tacita</span> <span class='ocrx_word' id='word_1_87' title='bbox 655 1776 795 1823; x_wconf 90' lang='lat' dir='ltr'>modo</span> <span class='ocrx_word' id='word_1_88' title='bbox 815 1775 1067 1835; x_wconf 86' lang='lat' dir='ltr'>indignatio</span> <span class='ocrx_word' id='word_1_89' title='bbox 1086 1774 1238 1830; x_wconf 88' lang='lat' dir='ltr'>fuerat,</span> <span class='ocrx_word' id='word_1_90' title='bbox 1256 1784 1446 1839; x_wconf 85' lang='lat' dir='ltr'>propter</span> 
     </span>
     <span class='ocr_line' id='line_1_18' title="bbox 41 1840 1444 1910; baseline -0.001 -20"><span class='ocrx_word' id='word_1_91' title='bbox 41 1843 230 1910; x_wconf 84' lang='lat' dir='ltr'>periculi</span> <span class='ocrx_word' id='word_1_92' title='bbox 249 1854 434 1898; x_wconf 83' lang='lat' dir='ltr'>metum,</span> <span class='ocrx_word' id='word_1_93' title='bbox 466 1854 550 1898; x_wconf 89' lang='lat' dir='ltr'>aut,</span> <span class='ocrx_word' id='word_1_94' title='bbox 581 1840 611 1888; x_wconf 80' lang='lat' dir='ltr'>fi</span> <span class='ocrx_word' id='word_1_95' title='bbox 632 1853 783 1890; x_wconf 82' lang='lat' dir='ltr'>tamen</span> <span class='ocrx_word' id='word_1_96' title='bbox 807 1843 904 1890; x_wconf 87' lang='lat' dir='ltr'>ausa</span> <span class='ocrx_word' id='word_1_97' title='bbox 923 1853 1020 1890; x_wconf 85' lang='lat' dir='ltr'>erat</span> <span class='ocrx_word' id='word_1_98' title='bbox 1038 1842 1174 1888; x_wconf 86' lang='lat' dir='ltr'>libere</span> <span class='ocrx_word' id='word_1_99' title='bbox 1199 1842 1337 1907; x_wconf 88' lang='lat' dir='ltr'>loqui,</span> <span class='ocrx_word' id='word_1_100' title='bbox 1374 1841 1444 1889; x_wconf 88' lang='lat' dir='ltr'>vel</span> 
     </span>
     <span class='ocr_line' id='line_1_19' title="bbox 44 1908 1444 1973; baseline 0 -15"><span class='ocrx_word' id='word_1_101' title='bbox 44 1911 237 1958; x_wconf 87' lang='lat' dir='ltr'>omnino</span> <span class='ocrx_word' id='word_1_102' title='bbox 267 1921 465 1956; x_wconf 80' lang='lat' dir='ltr'>caruerat</span> <span class='ocrx_word' id='word_1_103' title='bbox 493 1909 685 1957; x_wconf 77' lang='lat' dir='ltr'>successu</span> <span class='ocrx_word' id='word_1_104' title='bbox 711 1923 908 1966; x_wconf 85' lang='lat' dir='ltr'>conatus,</span> <span class='ocrx_word' id='word_1_105' title='bbox 941 1911 1024 1957; x_wconf 90' lang='lat' dir='ltr'>vel</span> <span class='ocrx_word' id='word_1_106' title='bbox 1030 1909 1083 1956; x_wconf 86' lang='lat' dir='ltr'>ad</span> <span class='ocrx_word' id='word_1_107' title='bbox 1105 1908 1255 1957; x_wconf 88' lang='lat' dir='ltr'>breue</span> <span class='ocrx_word' id='word_1_108' title='bbox 1260 1921 1444 1973; x_wconf 88' lang='lat' dir='ltr'>tempus</span> 
     </span>
     <span class='ocr_line' id='line_1_20' title="bbox 44 1975 1444 2049; baseline 0.001 -26"><span class='ocrx_word' id='word_1_109' title='bbox 44 1979 286 2049; x_wconf 78' lang='lat' dir='ltr'>valuerat.</span> <span class='ocrx_word' id='word_1_110' title='bbox 323 1980 444 2022; x_wconf 88' lang='lat' dir='ltr'>Nam</span> <span class='ocrx_word' id='word_1_111' title='bbox 474 1987 520 2022; x_wconf 90' lang='lat' dir='ltr'>et</span> <span class='ocrx_word' id='word_1_112' title='bbox 540 1977 745 2040; x_wconf 87' lang='lat' dir='ltr'>plerique</span> <span class='ocrx_word' id='word_1_113' title='bbox 774 1995 867 2024; x_wconf 89' lang='lat' dir='ltr'>non</span> <span class='ocrx_word' id='word_1_114' title='bbox 889 1990 981 2024; x_wconf 89' lang='lat' dir='ltr'>tam</span> <span class='ocrx_word' id='word_1_115' title='bbox 1001 1980 1227 2038; x_wconf 87' lang='lat' dir='ltr'>religionis</span> <span class='ocrx_word' id='word_1_116' title='bbox 1249 1975 1444 2024; x_wconf 74' lang='lat' dir='ltr'>caussam</span> 
     </span>
     <span class='ocr_line' id='line_1_21' title="bbox 45 2043 1440 2108; baseline 0 -18"><span class='ocrx_word' id='word_1_117' title='bbox 45 2053 243 2104; x_wconf 84' lang='lat' dir='ltr'>egerant,</span> <span class='ocrx_word' id='word_1_118' title='bbox 271 2059 405 2108; x_wconf 89' lang='lat' dir='ltr'>quam</span> <span class='ocrx_word' id='word_1_119' title='bbox 427 2043 560 2097; x_wconf 85' lang='lat' dir='ltr'>suam,</span> <span class='ocrx_word' id='word_1_120' title='bbox 591 2044 771 2090; x_wconf 87' lang='lat' dir='ltr'>Ordinis</span> <span class='ocrx_word' id='word_1_121' title='bbox 790 2043 1138 2108; x_wconf 86' lang='lat' dir='ltr'>Monasteriique</span> <span class='ocrx_word' id='word_1_122' title='bbox 1167 2046 1240 2100; x_wconf 88' lang='lat' dir='ltr'>sui,</span> <span class='ocrx_word' id='word_1_123' title='bbox 1274 2044 1440 2092; x_wconf 82' lang='lat' dir='ltr'>inuidia</span> 
     </span>
     <span class='ocr_line' id='line_1_22' title="bbox 41 2111 1442 2175; baseline -0.001 -17"><span class='ocrx_word' id='word_1_124' title='bbox 41 2112 192 2171; x_wconf 76' lang='lat' dir='ltr'>magis,</span> <span class='ocrx_word' id='word_1_125' title='bbox 224 2126 356 2175; x_wconf 85' lang='lat' dir='ltr'>quam</span> <span class='ocrx_word' id='word_1_126' title='bbox 378 2112 567 2157; x_wconf 82' lang='lat' dir='ltr'>veritatis</span> <span class='ocrx_word' id='word_1_127' title='bbox 586 2121 632 2157; x_wconf 85' lang='lat' dir='ltr'>et</span> <span class='ocrx_word' id='word_1_128' title='bbox 651 2111 875 2172; x_wconf 87' lang='lat' dir='ltr'>religionis</span> <span class='ocrx_word' id='word_1_129' title='bbox 893 2128 1059 2166; x_wconf 87' lang='lat' dir='ltr'>amore,</span> <span class='ocrx_word' id='word_1_130' title='bbox 1077 2111 1251 2158; x_wconf 83' lang='lat' dir='ltr'>incensi.</span> <span class='ocrx_word' id='word_1_131' title='bbox 1320 2114 1442 2160; x_wconf 87' lang='lat' dir='ltr'>Prin·</span> 
     </span>
    </p>
   </div>
   <div class='ocr_carea' id='block_1_9' title="bbox 12 2176 1487 2243">
    <p class='ocr_par' dir='ltr' id='par_1_9' title="bbox 12 2176 1487 2243">
     <span class='ocr_line' id='line_1_23' title="bbox 12 2176 1487 2243; baseline 0.003 -19"><span class='ocrx_word' id='word_1_132' title='bbox 12 2213 13 2216; x_wconf 18' lang='grc' dir='ltr'>η</span> <span class='ocrx_word' id='word_1_133' title='bbox 42 2180 163 2241; x_wconf 91' lang='lat' dir='ltr'>cipes</span> <span class='ocrx_word' id='word_1_134' title='bbox 183 2188 332 2224; x_wconf 81' lang='lat' dir='ltr'>autem</span> <span class='ocrx_word' id='word_1_135' title='bbox 362 2189 408 2224; x_wconf 87' lang='lat' dir='ltr'>et</span> <span class='ocrx_word' id='word_1_136' title='bbox 426 2176 502 2241; x_wconf 77' lang='lat' dir='ltr'>ipsi</span> <span class='ocrx_word' id='word_1_137' title='bbox 488 2195 660 2237; x_wconf 85' lang='lat' dir='ltr'>iaegre</span> <span class='ocrx_word' id='word_1_138' title='bbox 680 2181 874 2227; x_wconf 79' lang='lat' dir='ltr'>tulerant</span> <span class='ocrx_word' id='word_1_139' title='bbox 903 2196 1019 2234; x_wconf 88' lang='lat' dir='ltr'>rem,</span> <span class='ocrx_word' id='word_1_140' title='bbox 1050 2196 1157 2236; x_wconf 87' lang='lat' dir='ltr'>non,</span> <span class='ocrx_word' id='word_1_141' title='bbox 1187 2179 1309 2243; x_wconf 84' lang='lat' dir='ltr'>quod</span> <span class='ocrx_word' id='word_1_142' title='bbox 1332 2179 1487 2239; x_wconf 53' lang='lat' dir='ltr'>esset„</span> 
     </span>
    </p>
   </div>
   <div class='ocr_carea' id='block_1_10' title="bbox 40 2246 1438 2310">
    <p class='ocr_par' dir='ltr' id='par_1_10' title="bbox 40 2246 1438 2310">
     <span class='ocr_line' id='line_1_24' title="bbox 40 2246 1438 2310; baseline 0.001 -18"><span class='ocrx_word' id='word_1_143' title='bbox 40 2247 220 2292; x_wconf 89' lang='lat' dir='ltr'>inimica</span> <span class='ocrx_word' id='word_1_144' title='bbox 248 2246 475 2306; x_wconf 83' lang='lat' dir='ltr'>religioni3</span> <span class='ocrx_word' id='word_1_145' title='bbox 508 2262 607 2292; x_wconf 84' lang='lat' dir='ltr'>nam</span> <span class='ocrx_word' id='word_1_146' title='bbox 639 2248 733 2294; x_wconf 89' lang='lat' dir='ltr'>eius</span> <span class='ocrx_word' id='word_1_147' title='bbox 755 2248 1023 2310; x_wconf 87' lang='lat' dir='ltr'>plerumque</span> <span class='ocrx_word' id='word_1_148' title='bbox 1050 2248 1199 2294; x_wconf 85' lang='lat' dir='ltr'>vltima</span> <span class='ocrx_word' id='word_1_149' title='bbox 1219 2247 1334 2310; x_wconf 89' lang='lat' dir='ltr'>apud</span> <span class='ocrx_word' id='word_1_150' title='bbox 1357 2262 1438 2294; x_wconf 88' lang='lat' dir='ltr'>eos</span> 
     </span>
    </p>
   </div>
   <div class='ocr_carea' id='block_1_11' title="bbox 4 2311 1437 2378">
    <p class='ocr_par' dir='ltr' id='par_1_11' title="bbox 4 2311 1437 2378">
     <span class='ocr_line' id='line_1_25' title="bbox 4 2311 1437 2378; baseline 0.001 -18"><span class='ocrx_word' id='word_1_151' title='bbox 4 2314 7 2322; x_wconf 78' lang='lat'>&#39;</span> <span class='ocrx_word' id='word_1_152' title='bbox 41 2329 144 2360; x_wconf 79' lang='lat' dir='ltr'>cura</span> <span class='ocrx_word' id='word_1_153' title='bbox 164 2311 246 2359; x_wconf 81' lang='lat' dir='ltr'>est:</span> <span class='ocrx_word' id='word_1_154' title='bbox 265 2312 339 2359; x_wconf 90' lang='lat' dir='ltr'>sed</span> <span class='ocrx_word' id='word_1_155' title='bbox 356 2312 479 2377; x_wconf 89' lang='lat' dir='ltr'>quod</span> <span class='ocrx_word' id='word_1_156' title='bbox 499 2314 675 2360; x_wconf 87' lang='lat' dir='ltr'>nollent</span> <span class='ocrx_word' id='word_1_157' title='bbox 691 2326 861 2362; x_wconf 84' lang='lat' dir='ltr'>tantam</span> <span class='ocrx_word' id='word_1_158' title='bbox 886 2317 1100 2378; x_wconf 87' lang='lat' dir='ltr'>pecuniae</span> <span class='ocrx_word' id='word_1_159' title='bbox 1121 2318 1209 2361; x_wconf 91' lang='lat' dir='ltr'>vim</span> <span class='ocrx_word' id='word_1_160' title='bbox 1230 2333 1255 2360; x_wconf 94' lang='lat' dir='ltr'>e</span> <span class='ocrx_word' id='word_1_161' title='bbox 1274 2313 1437 2362; x_wconf 79' lang='lat' dir='ltr'>finibus</span> 
     </span>
    </p>
   </div>
   <div class='ocr_carea' id='block_1_12' title="bbox 41 2380 1441 2583">
    <p class='ocr_par' dir='ltr' id='par_1_12' title="bbox 41 2380 1441 2583">
     <span class='ocr_line' id='line_1_26' title="bbox 41 2380 1439 2448; baseline 0 -20"><span class='ocrx_word' id='word_1_162' title='bbox 41 2380 130 2428; x_wconf 84' lang='lat' dir='ltr'>suis</span> <span class='ocrx_word' id='word_1_163' title='bbox 157 2382 394 2444; x_wconf 76' lang='lat' dir='ltr'>exportari,</span> <span class='ocrx_word' id='word_1_164' title='bbox 430 2397 541 2444; x_wconf 87' lang='lat' dir='ltr'>quae</span> <span class='ocrx_word' id='word_1_165' title='bbox 568 2382 727 2428; x_wconf 88' lang='lat' dir='ltr'>melius</span> <span class='ocrx_word' id='word_1_166' title='bbox 762 2383 816 2429; x_wconf 85' lang='lat' dir='ltr'>ad</span> <span class='ocrx_word' id='word_1_167' title='bbox 845 2383 888 2428; x_wconf 88' lang='lat' dir='ltr'>se</span> <span class='ocrx_word' id='word_1_168' title='bbox 918 2384 1105 2428; x_wconf 82' lang='lat' dir='ltr'>veniret:</span> <span class='ocrx_word' id='word_1_169' title='bbox 1138 2394 1439 2448; x_wconf 83' lang='lat' dir='ltr'>venerantque</span> 
     </span>
     <span class='ocr_line' id='line_1_27' title="bbox 41 2446 1441 2511; baseline 0.002 -17"><span class='ocrx_word' id='word_1_170' title='bbox 41 2446 266 2494; x_wconf 83' lang='lat' dir='ltr'>interdum</span> <span class='ocrx_word' id='word_1_171' title='bbox 296 2449 340 2493; x_wconf 92' lang='lat' dir='ltr'>in</span> <span class='ocrx_word' id='word_1_172' title='bbox 371 2454 538 2510; x_wconf 76' lang='lat' dir='ltr'>partem</span> <span class='ocrx_word' id='word_1_173' title='bbox 574 2450 775 2511; x_wconf 87' lang='lat' dir='ltr'>praedae,</span> <span class='ocrx_word' id='word_1_174' title='bbox 808 2453 878 2496; x_wconf 85' lang='lat' dir='ltr'>vel</span> <span class='ocrx_word' id='word_1_175' title='bbox 906 2448 1138 2495; x_wconf 78' lang='lat' dir='ltr'>adimenda</span> <span class='ocrx_word' id='word_1_176' title='bbox 1159 2448 1363 2497; x_wconf 84' lang='lat' dir='ltr'>ministris</span> <span class='ocrx_word' id='word_1_177' title='bbox 1383 2449 1441 2497; x_wconf 80' lang='lat' dir='ltr'>sa·</span> 
     </span>
     <span class='ocr_line' id='line_1_28' title="bbox 42 2511 1436 2583; baseline 0.004 -23"><span class='ocrx_word' id='word_1_178' title='bbox 42 2530 213 2561; x_wconf 79' lang='lat' dir='ltr'>eratum</span> <span class='ocrx_word' id='word_1_179' title='bbox 241 2511 517 2561; x_wconf 74' lang='lat' dir='ltr'>exafflonum</span> <span class='ocrx_word' id='word_1_180' title='bbox 553 2519 755 2578; x_wconf 83' lang='lat' dir='ltr'>pecunia,</span> <span class='ocrx_word' id='word_1_181' title='bbox 786 2519 853 2563; x_wconf 90' lang='lat' dir='ltr'>vel</span> <span class='ocrx_word' id='word_1_182' title='bbox 878 2517 1030 2563; x_wconf 81' lang='lat' dir='ltr'>talium</span> <span class='ocrx_word' id='word_1_183' title='bbox 1060 2515 1333 2565; x_wconf 75' lang='lat' dir='ltr'>exaffionum</span> <span class='ocrx_word' id='word_1_184' title='bbox 1356 2520 1436 2583; x_wconf 60' lang='lat' dir='ltr'>poss</span> 
     </span>
    </p>
   </div>
   <div class='ocr_carea' id='block_1_13' title="bbox 0 2579 1437 2649">
    <p class='ocr_par' dir='ltr' id='par_1_13' title="bbox 0 2579 1437 2649">
     <span class='ocr_line' id='line_1_29' title="bbox 0 2579 1437 2649; baseline 0.005 -23"><span class='ocrx_word' id='word_1_185' title='bbox 0 2591 2 2639; x_wconf 64' lang='grc' dir='ltr'>ξ</span> <span class='ocrx_word' id='word_1_186' title='bbox 21 2597 27 2599; x_wconf 57' lang='grc'>“</span> <span class='ocrx_word' id='word_1_187' title='bbox 43 2579 194 2628; x_wconf 78' lang='lat' dir='ltr'>testate</span> <span class='ocrx_word' id='word_1_188' title='bbox 209 2600 231 2628; x_wconf 93' lang='lat' dir='ltr'>a</span> <span class='ocrx_word' id='word_1_189' title='bbox 251 2581 468 2628; x_wconf 84' lang='lat' dir='ltr'>Pontifice</span> <span class='ocrx_word' id='word_1_190' title='bbox 488 2584 763 2632; x_wconf 86' lang='lat' dir='ltr'>Romanoad</span> <span class='ocrx_word' id='word_1_191' title='bbox 784 2584 878 2632; x_wconf 82' lang='lat' dir='ltr'>vsus</span> <span class='ocrx_word' id='word_1_192' title='bbox 897 2582 1161 2642; x_wconf 81' lang='lat' dir='ltr'>aedificandi,</span> <span class='ocrx_word' id='word_1_193' title='bbox 1181 2585 1437 2649; x_wconf 86' lang='lat' dir='ltr'>belligeran-</span> 
     </span>
    </p>
   </div>
   <div class='ocr_carea' id='block_1_14' title="bbox 110 2650 1438 2713">
    <p class='ocr_par' dir='ltr' id='par_1_14' title="bbox 110 2650 1438 2713">
     <span class='ocr_line' id='line_1_30' title="bbox 110 2650 1438 2713; baseline 0.003 -19"><span class='ocrx_word' id='word_1_194' title='bbox 110 2650 279 2713; x_wconf 82' lang='lat' dir='ltr'>Ernesti</span> <span class='ocrx_word' id='word_1_195' title='bbox 307 2650 458 2713; x_wconf 78' lang='lat' dir='ltr'>Opust.</span> <span class='ocrx_word' id='word_1_196' title='bbox 481 2650 620 2696; x_wconf 67' lang='lat'>171201.</span> <span class='ocrx_word' id='word_1_197' title='bbox 1007 2653 1024 2697; x_wconf 90' lang='lat'>1</span> <span class='ocrx_word' id='word_1_198' title='bbox 1036 2653 1046 2696; x_wconf 93' lang='lat' dir='ltr'>i</span> <span class='ocrx_word' id='word_1_199' title='bbox 1390 2653 1438 2699; x_wconf 89' lang='lat' dir='ltr'>di</span> 
     </span>
    </p>
   </div>
  </div>
 </body>
</html>
