1682 3068
248 57 258 79 Ι

203 181 303 240 476
333 194 622 226 NAnnAno
655 195 876 225 cau-ma
910 198 974 228 me
1005 198 1530 232 xurtnpntrtinoun

202 302 279 364 qui
299 298 493 347 similiter
510 299 564 347 de
593 317 631 347 v.
658 311 699 358 8.
719 299 921 359 statuant,
949 303 1202 368 faciantque
1222 305 1442 353 Psalmum
1460 307 1599 355 veluti

199 365 380 422 vestem,
414 385 439 413 e
460 367 638 415 diuersis,
673 368 754 416 filis
776 382 1039 420 contextam.
1109 373 1230 429 Quid
1251 377 1418 436 igitur?
1451 385 1601 423 totum
1681 399 1682 414 1

200 435 386 482 Dauidis
407 440 535 483 vnius
554 434 650 488 effe,
684 436 756 483 sed
775 456 877 486 eum
906 438 1270 488 confiderandum
1288 439 1375 488 effe
1391 458 1484 488 non
1506 459 1602 489 mo·
1631 459 1635 463 ·

202 500 262 548 do
285 515 333 550 vt
353 504 587 551 hominem
607 515 653 550 et
672 509 839 565 Regem
858 506 1032 561 Israelis,
1054 509 1122 555 sed
1145 519 1192 556 vt
1213 521 1386 573 patrem
1407 509 1599 565 Meffiae,

200 572 280 634 qui
299 570 431 618 verba
450 589 543 619 eius
564 572 753 636 vsurpet‚
781 577 878 638 quia
895 591 947 622 ex
966 576 1082 623 illius
1104 593 1236 623 carne
1257 576 1371 624 nasci
1389 575 1598 625 debebat:

200 639 248 685 in
269 655 401 702 quam
425 638 681 687 sententiam
703 643 787 689 late
797 642 995 705 disputat,
1017 661 1058 707 p.
1075 660 1182 706 215.
1221 645 1438 692 psalmum
1450 656 1599 693 autem

199 709 336 754 xxss.
358 718 503 754 totum
526 706 682 755 Christi
699 719 744 755 et
761 728 810 757 ex
830 713 922 758 eius
941 713 1130 776 persona
1153 710 1318 759 digium
1339 709 1502 760 statuit.

298 777 383 821 His
410 777 470 822 ita
496 773 712 839 expositis
742 791 790 825 vt
817 777 1097 842 propositum
1127 791 1232 835 erat,
1267 783 1311 826 in
1335 781 1419 827 hac
1440 778 1596 827 diffen-

199 840 323 889 fione
351 854 486 905 tanta,
523 861 634 907 quae
668 846 914 893 etiamnum
942 847 1091 902 duret,
1122 858 1168 894 et
1199 848 1372 894 incensa
1392 847 1442 895 fit
1461 852 1597 895 etiam

197 910 519 958 recentioribus
539 912 865 970 controuersiis,
885 931 911 959 a
932 915 1162 962 Grotianis
1183 915 1286 962 inde
1308 913 1599 980 temporibus'‚

199 994 305 1024 cum
315 980 384 1025 alii
405 981 535 1025 nimis
556 997 654 1027 raro
666 980 888 1028 Christum
908 983 952 1027 in
966 984 1195 1046 prophetis
1206 983 1437 1031 videantur
1458 999 1596 1043 agno·

197 1045 332 1101 scere,
353 1046 422 1093 alii
448 1048 577 1092 nimis
598 1048 744 1112 saepe3
779 1048 902 1112 quod
931 1051 976 1095 in
1002 1051 1172 1105 Cocceio,
1207 1053 1390 1114 eiusque
1409 1050 1596 1098 aemulis

196 1113 468 1176 reprehendi
499 1114 634 1161 solet:
666 1114 773 1179 quid
803 1116 1005 1163 vniuerse
1032 1114 1312 1165 statuendum
1341 1117 1403 1172 fit,
1435 1117 1466 1165 fi
1493 1120 1595 1181 quis

196 1192 401 1244 quaerat,
430 1191 477 1227 et
505 1181 645 1229 media
673 1185 741 1230 via
770 1200 883 1247 quae
903 1182 976 1241 fit,
1022 1202 1154 1247 quam
1187 1201 1342 1233 omnes
1370 1200 1597 1233 commen·-

198 1247 339 1295 dent?
375 1251 486 1295 mihi
505 1247 562 1297 fic
581 1249 717 1297 videri
739 1268 830 1296 non
850 1251 1135 1299 diffimulem:
1166 1269 1309 1316 neque
1326 1253 1445 1301 enim
1466 1254 1597 1300 decet

196 1313 432 1364 dossorem
453 1317 697 1381 publicum.
765 1321 961 1368 Primum
982 1322 1120 1381 igitur
1138 1321 1337 1377 arbitror,
1354 1321 1599 1382 analogiam

195 1385 443 1431 Vniuersam
456 1387 731 1449 minimeque
753 1387 928 1435 dubiam
948 1392 999 1435 V.
1011 1392 1066 1434 T.
1079 1389 1170 1434 hoc
1190 1387 1419 1454 postulare
1433 1399 1482 1436 vt
1501 1404 1596 1435 non

195 1452 324 1499 valde
352 1453 503 1499 multis
537 1455 646 1500 locis
678 1456 938 1519 prophetias
969 1454 1025 1502 de
1044 1455 1218 1503 Christo
1252 1455 1480 1504 credamus
1511 1453 1597 1502 effe

195 1519 325 1568 κατ-οἰ
355 1517 475 1585 ῥητὸν
493 1531 540 1568 et
570 1523 723 1588 κυρίως
750 1521 1021 1587 propositas:
1054 1523 1263 1588 quasdam
1293 1522 1377 1570 effe
1397 1532 1596 1590 oportet,

194 1605 310 1654 quae
331 1587 601 1636 charasseres
625 1589 858 1637 historicos
881 1593 1157 1654 omninoque
1174 1592 1282 1637 tales
1297 1590 1502 1646 habeant,
1514 1606 1596 1654 per

194 1673 311 1722 quos
334 1655 388 1701 de
406 1656 572 1710 Meffia,
593 1674 693 1704 cum
715 1655 910 1713 veniffet,
934 1659 1064 1722 plane
1083 1657 1261 1704 iudicari
1284 1658 1437 1722 etipse
1455 1673 1594 1718 agno·

195 1723 255 1771 sci
278 1721 428 1788 posset,
458 1737 506 1771 vt
536 1723 663 1788 supra
693 1724 901 1777 diximum
940 1726 1089 1788 quales
1110 1723 1205 1778 effe,
1235 1741 1372 1772 nemo
1402 1724 1593 1783 dubitet,

194 1802 274 1838 aut
304 1793 486 1850 negauit
519 1807 735 1854 vnquam:
771 1808 920 1838 earum
953 1809 1089 1855 porro
1122 1803 1312 1856 oportet·
1333 1791 1418 1839 effe
1436 1809 1594 1840 nume·

190 1874 293 1907 rum
316 1857 458 1914 talem,
483 1860 558 1921 qui
576 1857 773 1913 sufficiat,
797 1869 843 1905 et
853 1858 906 1906 ad
927 1859 1312 1920 agnoscendumet
1329 1859 1382 1905 ad
1404 1866 1592 1907 conuin-

193 1924 364 1973 cendos
386 1925 652 1973 aduersarios
675 1929 882 1973 veritatis.
936 1925 1021 1972 Sed
1042 1943 1097 1974 an
1117 1936 1301 1993 oportet
1315 1943 1387 1976 eas
1407 1924 1594 1975 nebeffa·

192 1996 262 2041 rio
291 1994 451 2040 multas
481 1990 599 2039 effe?
632 1997 856 2058 Nuspiam
888 2005 1181 2042 numerantur
1208 2006 1488 2054 argumenta,
1519 1993 1595 2042 sed

191 2060 516 2127 ponderantur.
582 2065 639 2108 Et
665 2078 747 2119 nos
777 2079 878 2108 cum
909 2062 1143 2120 docemus,
1185 2059 1396 2109 Meffiam‘
1417 2061 1597 2119 venisse,

191 2140 241 2176 et
273 2131 319 2175 in
350 2129 442 2175 lesu
471 2125 556 2174 effe
584 2127 857 2189 charasteres
876 2128 1056 2176 Meffiae
1091 2131 1274 2177 minime
1293 2128 1467 2187 dubios,
1494 2143 1591 2178 non

190 2196 375 2245 modico
407 2213 598 2242 numero
625 2198 963 2260 prophetiarum
993 2196 1306 2258 defungimur?
1347 2199 1591 2247 Enimuero

193 2282 249 2311 ex
268 2265 401 2310 altera
420 2275 547 2328 parte
565 2263 790 2311 fatendum
813 2281 864 2311 ac
881 2264 1208 2312 defendendum
1226 2263 1299 2317 est,
1331 2265 1590 2329 prophetias

173 2329 400 2393 ,mysticae
424 2328 511 2377 effe
531 2333 808 2394 permultas:
828 2348 911 2377 nec
931 2333 1021 2380 vilo
1043 2331 1179 2380 modo
1199 2330 1494 2390 concesserim,
1514 2346 1590 2379 eas

191 2398 279 2446 effe
299 2400 393 2454 inis,
423 2399 675 2461 praesertim
698 2399 810 2458 apud
834 2398 1137 2449 Christianum
1161 2401 1364 2448 leuiores.
1432 2399 1504 2448 Ad
1522 2397 1590 2446 Iu-

190 2466 324 2513 daeos
346 2465 525 2530 quidem
546 2466 880 2514 conuincendos
910 2468 955 2513 in
977 2470 1196 2532 principio
1217 2467 1327 2514 nihil
1346 2465 1588 2515 admodum

190 2534 383 2581 valeant:
414 2531 487 2579 sed
507 2534 624 2589 apud
644 2549 748 2578 eum
774 2547 935 2586 tamen,
964 2537 1040 2599 qui
1058 2538 1142 2581 iam
1165 2534 1589 2582 summamv'eritatis

190 2609 330 2652 tenet,
367 2598 568 2662 prodefl’e
589 2598 776 2664 possunt.
850 2606 968 2648 Nam
987 2601 1187 2665 mysticas
1209 2616 1255 2648 et
1280 2601 1484 2656 figurans
1503 2600 1590 2648 effe

188 2667 454 2738 prophetias
484 2669 661 2729 multas,
690 2668 922 2735 quomodo
949 2672 1110 2719 mirum
1139 2679 1215 2717 aut
1243 2667 1423 2717 dubium
1451 2669 1590 2784 νίἳῗτί

648 2760 651 2767 ·
1442 2752 1504 2802 ΡΟ
1539 2747 1589 2795 1t‚
