1682 3068
187 169 286 217 442
587 146 607 152 '⁴
694 170 772 202 An.
809 170 1112 205 Acronvn

187 279 372 325 vitatem
391 274 667 324 -vberrimum
690 277 798 333 sore,
818 275 849 323 fl
868 294 1015 325 coram
1039 279 1218 325 daretur
1234 281 1403 328 intueri
1421 295 1472 327 oa
1490 281 1588 328 Ser-

189 347 355 392 vatoris
377 344 589 398 cariffimi,
623 344 838 392 Ecclesiae
856 362 959 392 vero
981 340 1321 403 vtiliffimumsfi
1341 360 1589 397 vocem-'tu-

192 412 306 459 diret
322 413 508 459 Domini
527 410 670 476 iplius.
739 416 858 460 Nam
880 430 988 477 quae
1006 416 1046 460 ei
1064 412 1117 461 ab
1137 416 1283 478 impiis
1314 417 1492 461 iniuriae
1513 413 1591 462 flea

189 482 228 527 ri
257 477 442 543 possent,
472 496 549 526 eae
576 497 668 525 non
697 481 885 528 leuiores
909 481 1022 535 sunt,
1057 493 1132 529 aut
1149 485 1295 529 minus
1314 478 1589 543 indignitatis

116 580 119 583 -
190 546 372 601 habent,
406 564 510 594 cum
533 547 784 594 inferuntur
811 564 902 595 non
925 550 984 595 ita
1009 549 1235 613 praesenti,
1264 560 1312 596 vt
1336 544 1476 596 oculis
1496 565 1590 595 cer-

190 626 335 663 natur.
404 619 573 661 Verum
607 612 679 661 ista
714 615 880 662 debent
904 632 996 662 non
1025 616 1215 663 sensibus
1246 616 1404 663 nostris
1435 628 1481 663 et
1514 617 1588 666 σι’ν-

149 730 153 734 ,
190 680 524 749 θξωπόξπαθῶς
542 680 765 738 aestimari,
798 682 868 730 sed
889 683 941 729 ad
961 685 1214 745 Euangelici
1234 684 1406 748 spiritus
1427 687 1587 747 purita-

191 764 287 800 tem
309 751 502 798 iudicari.
570 755 689 797 Nam
710 767 805 804 nos,
843 763 1029 815 propter
1057 762 1240 798 naturae
1260 750 1430 798 nostrae
1451 751 1592 798 imbe-·

193 820 446 874 ciuitatem,-
467 820 597 864 nimis
626 821 757 883 proni
787 817 932 865 sumus
962 821 1005 865 in
1027 819 1142 866 hanc
1159 829 1341 883 partem,
1369 830 1418 865 vt
1434 835 1504 865 res
1525 829 1589 866 et·

190 890 278 936 iam
301 886 467 933 diuinas
486 886 635 948 aliquo
669 886 806 932 modo
838 886 891 932 ad
913 886 1055 934 sensus
1077 887 1329 941 referamus,
1360 888 1500 950 iisque
1522 902 1590 934 ea-

190 971 291 1002 rum
325 951 623 1018 praestantiam
656 955 900 999 metiamur.
964 958 1087 1000 Deus
1118 951 1289 1009 antedi,
1330 969 1412 1017 per
1444 956 1588 999 Euan-

192 1019 461 1082 gelium'filii
484 1020 547 1066 sui
568 1031 614 1066 et
641 1019 883 1067 vniuersam
903 1021 1021 1067 illam
1045 1019 1367 1068 oeconomiam
1390 1024 1589 1082 Euange-

182 1088 336 1146 ‘licam‚
370 1087 423 1135 ab
451 1089 500 1134 iis
518 1104 613 1133 >nos
642 1089 793 1151 potius
822 1086 1036 1133 abducere
1063 1088 1222 1143 voluit,
1244 1098 1303 1134 vt
1331 1087 1502 1152 spiritus
1532 1087 1587 1135 ab
1639 1115 1641 1117 ·

192 1168 350 1205 eorum
372 1155 669 1203 imbecillitate
698 1155 922 1219 paullatim
942 1154 1165 1210 liberatuS,
1199 1157 1370 1201 acutius
1390 1170 1587 1212 cernere,

194 1236 241 1272 et
259 1242 405 1271 veram
428 1224 575 1270 lucem
595 1240 646 1269 ac
667 1225 756 1268 vim
780 1239 929 1268 rerum
952 1219 1206 1269 coelestium
1218 1239 1374 1286 capere
1393 1220 1593 1279 disceret,

191 1310 307 1355 quae
329 1295 372 1339 in
395 1290 640 1351 Euangelio
661 1288 817 1337 Christi
841 1288 1098 1354 spefflandae
1118 1289 1340 1336 mentibus
1359 1299 1589 1351 etcoguo-

190 1361 376 1408 scendae
396 1369 724 1424 proponuntur.
794 1360 843 1404 Ei
862 1357 1043 1405 consilio
1057 1358 1157 1405 sane
1168 1357 1507 1404 consentaneum
1529 1359 1591 1404 vi-

192 1428 324 1475 detur
356 1426 461 1482 else,
504 1426 626 1489 quod
661 1424 889 1490 adspestus
924 1425 1081 1474 Christi
1112 1425 1242 1472 nobis
1272 1424 1475 1471 ademtus
1502 1421 1588 1480 est3

194 1497 271 1561 qui
292 1493 492 1560 professo
512 1492 729 1540 {idai-etur
746 1491 998 1550 nobiS,cum
1021 1493 1175 1541 auditu
1192 1496 1312 1540 vocis
1331 1494 1590 1556 eius,quam-

192 1567 260 1611 vis
290 1575 414 1624 grata
443 1562 583 1609 oculis
607 1560 877 1625 auribusque
895 1578 963 1608 res
985 1559 1116 1616 foret,
1149 1573 1299 1607 tamen
1328 1577 1420 1606 non
1448 1557 1590 1623 poffet

191 1633 286 1679 vllo
307 1630 444 1678 modo
475 1647 571 1677 eam
593 1629 723 1676 nobis
746 1630 999 1692 imprimere
1025 1629 1211 1693 speciem
1233 1624 1459 1674 maiestatis
1480 1628 1587 1683 eim,

117 1698 122 1701 ’
193 1701 367 1766 qualem
388 1715 413 1745 a
433 1697 583 1752 verbo,
617 1695 740 1762 quod
761 1698 807 1742 in
827 1694 1144 1758 Apostolorum
1167 1695 1334 1758 scriptis
1356 1694 1495 1750 sonat,
1518 1709 1587 1740 ac-

194 1770 343 1831 cipere
377 1763 620 1829 pofl‘umus,
654 1763 683 1809 si
702 1762 835 1809 modo
867 1763 982 1808 bene
1011 1760 1289 1810 intellestum
1321 1762 1477 1807 animis
1507 1777 1586 1807 no-

192 1833 289 1882 stris
328 1831 569 1881 identidem
603 1830 918 1886 admonemus3
959 1826 1397 1896 impediretfortass‘e
1425 1830 1589 1891 potius,

193 1915 383 1968 propter
411 1900 763 1947 imbecillitatem
793 1896 994 1944 nostram.
1061 1902 1182 1944 Nam
1207 1897 1280 1943 illa
1298 1899 1388 1942 oris
1409 1895 1588 1958 species,

191 1982 346 2019 tamen
376 1969 577 2032 corporis
614 1965 752 2012 modo
783 1965 924 2012 foret:
972 1974 1017 2012 at
1043 1968 1089 2012 in
1118 1963 1256 2011 verbo
1281 1963 1515 2027 spiritualis
1538 1975 1590 2009 ac

193 2055 298 2087 vera
329 2035 522 2085 maiestas
552 2032 709 2082 Christi
742 2034 874 2090 lucet,
908 2049 1039 2097 quam
1069 2049 1173 2079 cum
1200 2033 1373 2078 animus
1399 2027 1520 2077 reEte
1543 2033 1590 2077 in

193 2107 335 2154 verbo
366 2103 592 2165 Euangelii
619 2112 875 2156 contuetur,
910 2101 1109 2164 repletur
1137 2117 1236 2147 vera
1257 2101 1343 2145 Dei
1363 2100 1496 2162 patris
1517 2114 1589 2144 co·

196 2177 410 2236 guidone,
443 2169 639 2218 eiusdem
663 2186 768 2215 vero
788 2185 950 2224 amore,
980 2185 1087 2215 vero
1109 2170 1151 2214 ei
1180 2164 1411 2214 obediendi
1437 2163 1589 2221 studio,

195 2259 299 2290 vera
324 2253 369 2288 et
400 2238 560 2304 liquida
589 2237 902 2284 consolatione.
973 2235 1111 2288 Quod
1129 2232 1326 2282 Christus
1356 2231 1445 2297 ipse
1463 2231 1590 2278 dixit:

199 2311 314 2359 Caro
333 2309 438 2356 nihil
448 2306 635 2370 prodzst,
659 2307 844 2369 spiritus
862 2304 929 2368 est,
958 2307 1028 2367 qui
1049 2302 1254 2364 viuificat3
1284 2311 1333 2349 at
1349 2303 1479 2349 verba
1499 2317 1589 2347 mea

196 2379 348 2425 habent
368 2376 693 2438 illumspiritum
711 2372 1014 2433 viug'fi'cantem:
1037 2371 1095 2428 id,
1123 2382 1221 2416 tum
1243 2367 1408 2429 dietum
1428 2368 1490 2423 iis,
1511 2368 1589 2429 qui

196 2443 390 2492 sensibus
423 2441 737 2494 metiebantur,
770 2456 881 2502 quae
908 2437 963 2483 de
991 2454 1122 2484 carne
1143 2438 1214 2483 sua
1230 2435 1399 2483 edenda
1419 2433 1470 2482 ad
1490 2434 1591 2480 salu·

195 2525 290 2559 tem
325 2513 504 2564 dixerat,
537 2511 670 2554 etiam
700 2507 827 2554 latius
855 2516 990 2570 patet.
1059 2504 1142 2553 Sed
1165 2505 1384 2558 homineS,
1410 2511 1457 2548 vt
1476 2500 1590 2547 bene

197 2580 423 2628 Lutberus
444 2574 589 2623 noster
610 2575 775 2621 solebat
805 2573 963 2626 dicere,
997 2589 1225 2637 nunquam
1247 2572 1347 2618 satis
1364 2566 1591 2614 aestimant

197 2646 383 2697 verbum
407 2647 503 2700 Dei,
531 2655 577 2701 et
597 2660 654 2691 ne
674 2639 856 2708 poffunt
883 2639 1082 2707 quidem:
1115 2651 1244 2687 tanta·
1266 2635 1329 2685 est
1356 2639 1593 2749 eiuzprae-
1646 2664 1649 2665 ν

351 2741 355 2744 ·
1467 2706 1591 2751 antia.
