1682 3068
651 157 654 161 ’
719 159 1149 191 caius-ruunt
1530 158 1628 206 323

233 273 280 318 in
300 269 379 317 illo
396 268 515 316 lotio
532 266 730 330 eorporis
750 264 803 312 ad
823 265 1076 329 purgandas
1096 263 1270 323 sordes,·‘
1290 281 1422 330 quarn
1443 263 1631 330 speEiari

233 342 391 386 Petrus
408 339 488 400 Ep.
508 338 542 389 1,
562 350 602 390 3,
626 350 701 380 21.
722 345 880 393 negat3
919 336 965 379 in
988 335 1070 380 hac
1095 334 1220 380 famis
1245 330 1421 398 sitisque
1450 334 1631 391 sedatio,

234 399 567 470 qut-&profesto
588 404 633 448 in
653 417 703 447 ea
720 417 812 447 non
833 403 1070 464 quaeritur.
1115 399 1310 466 Spestari
1330 412 1482 448 autem
1500 403 1633 448 etiam

235 463 349 527 1263,
380 483 429 518 vt
447 469 592 516 sensus
616 471 698 531 pii,
741 468 876 528 grati,
918 479 966 513 et
989 465 1143 522 fausti,
1185 468 1420 515 obediendi
1438 475 1539 517 Deo
1560 486 1634 516 vo·

229 541 398 591 lunens,
433 538 634 601 puritatis
655 538 801 583 omnis
819 546 866 580 et
886 531 1024 582 officii
1043 533 1257 592 studium,
1288 549 1335 584 et
1357 535 1636 593 beneuolen-

234 608 552 656 tinin1ceteros
576 604 782 650 homines
802 613 1003 659 acuatur,
1027 605 1265 658 excitetur,
1300 605 1634 664 corroboretur,

237 674 351 747 ehpe
368 668 637 718 demonstrat
655 669 899 735 Apostolus
923 671 1122 724 Paullus,
1158 673 1282 719 Rom.
1308 672 1387 726 VI,
1411 690 1451 730 3.
1501 690 1520 720 1
1552 672 1632 719 Co-

235 735 444 794 fflb-X,
470 756 542 796 17.
569 739 659 796 XI,
683 745 860 797 24-26.
930 741 1060 785 Haec
1077 739 1216 798 igitur
1236 736 1430 786 instituta
1447 739 1634 800 indisci-

227 809 389 874 ·plinae
404 803 671 853 Christianae
687 817 812 871 parte
834 806 940 860 hae3
972 803 1028 852 de
1045 820 1131 869 qua
1151 821 1274 851 nunc
1290 805 1487 862 dicimus,
1514 809 1634 872 prin·

234 877 428 939 cipatum
456 873 677 934 dignitate
705 883 753 919 et
780 873 858 920 vsu
892 882 1071 928 tenent,
1096 873 1402 937 >inprimisque
1434 876 1639 934 alterum,

157 943 159 946 ⁴
223 942 359 1007 quod
374 938 500 987 estin
519 944 671 988 Coena
688 941 827 996 sacra3
873 938 998 1005 quod
1014 956 1070 987 eo
1092 939 1289 987 crebrius
1308 943 1370 987 vti
1391 941 1494 988 licet
1507 979 1518 999 ‚
1550 960 1638 991 nec

235 1008 376 1057 modo
397 1007 571 1055 edendo
593 1026 643 1055 ac
661 1007 875 1065 bibendo,
918 1007 992 1054 sed
1012 1010 1144 1055 etiam
1178 1006 1427 1074 spestando.
1508 1012 1638 1060 Vnde

235 1076 304 1134 fit,
337 1087 384 1123 vt
405 1094 455 1123 ea
474 1077 597 1142 saepe
618 1078 679 1124 vti
699 1086 909 1141 oporteat
929 1073 1235 1131 Christianum,
1272 1078 1406 1123 etiam
1426 1078 1467 1123 ei
1487 1077 1641 1136 adeffe,

237 1161 380 1209 quum
398 1143 452 1190 ab
469 1145 561 1191 aliis
581 1145 836 1209 vsurpetur,
879 1154 928 1190 vt
950 1154 1102 1191 tamen
1122 1145 1167 1190 in
1188 1155 1361 1209 partem
1386 1161 1570 1209 precum
1593 1157 1641 1194 et

238 1211 418 1259 laudum
440 1213 588 1259 veniat
604 1225 650 1259 et
667 1210 934 1258 exercendae
953 1210 1064 1266 fidei,
1093 1228 1176 1271 nee
1194 1211 1395 1259 deserere
1414 1214 1507 1260 eius
1527 1215 1641 1268 celer

239 1280 460 1333 britatem,
495 1276 613 1342 quasi
634 1282 678 1325 in
702 1297 752 1325 ea
770 1279 914 1326 multo
933 1281 1077 1326 minus
1096 1277 1162 1331 fit,
1185 1297 1317 1343 quam
1338 1282 1383 1326 in
1402 1284 1642 1332 concione.

240 1350 299 1394 Et
318 1345 460 1411 pofl’et
476 1349 609 1394 etiam
630 1346 839 1410 Baptismi
860 1346 932 1391 hie
952 1345 1050 1392 vsus
1070 1345 1167 1400 effe,
1198 1345 1276 1393 nisi
1296 1365 1321 1393 e
1339 1350 1641 1398 conuentibus

235 1415 464 1463 sactorum
476 1411 622 1466 fcaussa
637 1411 854 1460 habendis
874 1413 1069 1470 semotus
1085 1410 1190 1460 effet
1207 1415 1431 1480 plerisque
1455 1417 1503 1462 in
1520 1413 1646 1477 Ιοοίέ,

234 1492 398 1528 contra
416 1483 565 1546 praxin
587 1479 801 1528 Ecclesiae
821 1484 1034 1545 antiquae,
1055 1499 1169 1545 quae
1190 1485 1376 1530 omnino
1395 1485 1444 1530 in
1461 1485 1532 1532 his
1550 1489 1645 1532 Do-

241 1550 353 1596 mini
372 1546 507 1596 nostri
526 1548 624 1595 Iesu
646 1546 804 1596 Christi
823 1547 1051 1605 institutis,
1091 1560 1183 1596 tarn
1203 1548 1355 1597 faustis
1376 1561 1423 1598 et
1451 1553 1643 1607 salunti-

241 1614 348 1674 bus,
389 1618 668 1662 reuerentior
684 1614 809 1663 fuiss‘e
827 1633 881 1662 ac
899 1613 1143 1678 religiofior
1163 1616 1349 1665 videtur.

284 1763 288 1766 ’
342 1761 419 1804 28.
452 1743 538 1797 Sed
556 1759 705 1798 exorta
725 1750 824 1808 sunt
842 1748 1004 1798 deinde
1021 1751 1100 1799 alia
1118 1748 1335 1810 institutaf
1361 1752 1432 1802 vel
1453 1753 1645 1820 publiea,

242 1817 316 1866 vel
343 1812 534 1882 priuata,
583 1822 747 1883 partim
778 1818 831 1866 ab
863 1818 1207 1883 Apostolorum,
1259 1825 1422 1886 partim
1452 1824 1644 1872 aliorum

242 1881 394 1950 postea
414 1885 647 1933 dossorum
669 1884 951 1942 aufioritate3
997 1889 1043 1934 in
1073 1889 1143 1935 his
1173 1889 1389 1952 quaedam
1421 1893 1567 1938 etiam·
1590 1891 1646 1938 ad

244 1953 420 2016 pietatis
437 1965 484 1998 et
503 1951 737 2000 sanaitatis
758 1956 975 2001 rationem
993 1958 1176 2019 proprie
1194 1960 1457 2020 pertinentia
1469 1994 1481 2014 ‚
1514 1971 1563 2006 vt
1582 1962 1645 2006 ie-

242 2019 365 2064 iunia
384 2035 487 2065 cum
508 2020 736 2083 precibus,
764 2022 956 2081 vigiliae,
989 2034 1110 2069 certa
1129 2024 1340 2088 precandi
1358 2038 1574 2089 tempora,
1598 2029 1646 2074 in

244 2084 529 2132 solitudinem
550 2086 832 2143 seceffiones,
865 2101 913 2136 et
933 2090 1039 2146 alia;
1089 2107 1226 2157 quae,
1261 2091 1407 2156 quoad
1424 2091 1646 2142 instituto·

243 2170 350 2200 rum
380 2154 535 2200 locum
563 2154 840 2220 modumque
865 2167 1073 2214 tenuere,
1126 2170 1172 2204 et
1206 2176 1232 2205 e
1262 2158 1447 2206 confilio
1483 2178 1647 2210 eorum

244 2219 346 2267 sunt
363 2221 583 2286 vsurpata,
625 2239 649 2268 a
668 2222 827 2286 quibus
848 2237 973 2272 erant
991 2227 1198 2282 inuenta,
1235 2229 1282 2272 in
1304 2228 1399 2273 vtili
1429 2239 1557 2291 parte
1585 2229 1648 2276 di-

244 2287 452 2351 sciplinae
473 2287 621 2336 fuere:
665 2288 946 2355 posteaquam
966 2309 1045 2358 per
1063 2293 1107 2339 se
1126 2296 1169 2339 in
1193 2305 1319 2357 parte
1337 2295 1567 2357 religionis
1602 2306 1648 2344 et

227 2356 394 2410 ,cultus
415 2355 553 2403 diuini
572 2361 796 2405 numerari
815 2375 1019 2424 coepere,
1036 2371 1084 2407 et
1102 2361 1212 2408 nihil
1233 2374 1408 2426 praeter
1423 2363 1648 2413 astionem

243 2426 450 2487 corporis
480 2425 697 2480 habuere,
738 2427 787 2472 in
817 2426 1170 2491 superstitionem
1201 2432 1377 2477 inanem
1406 2430 1650 2492 degenerass

244 2505 373 2538 vere:
407 2490 462 2537 de
483 2508 572 2555 quo
590 2504 694 2539 ante
714 2492 911 2541 diximus.
993 2494 1130 2547 Etest
1150 2495 1240 2543 hoc
1259 2514 1471 2558 magnum
1490 2501 1536 2546 in
1558 2501 1648 2546 hoc

242 2572 411 2620 genere
431 2559 793 2618 incommodum,
841 2562 963 2626 quod
983 2565 1215 2624 ingenium
1243 2565 1489 2614 humanum
1511 2569 1648 2614 nimis

243 2628 293 2674 in
311 2626 467 2676 talibus
487 2625 694 2676 institutis
716 2630 920 2694 procliue
938 2628 1064 2688 estin
1087 2632 1200 2680 hanc
1218 2645 1415 2698 partem,
1455 2635 1649 2701 praeser—

935 2701 974 2746 X
1012 2715 1038 2746 2
1542 2704 1639 2762 tim,
