1650 3060
147 225 247 275 550
511 228 576 260 m:
614 227 767 260 Min-v
808 228 1167 263 snex-nonus

153 331 321 381 multae
351 330 487 390 falsae,
521 336 653 381 etiam
684 333 740 381 de
761 333 892 382 rebus
920 335 1055 394 sacris,
1088 338 1324 402 op1niones
1345 333 1546 386 inductae

155 398 252 458 fint,
275 401 372 447 satis
391 401 560 450 constat
583 414 628 449 et
645 401 819 450 historia
838 404 1050 468 loquitur.
1119 407 1177 451 Et
1195 420 1298 452 cum
1316 398 1458 452 ³omne
1475 421 1549 466 ge-

156 485 240 515 nus
260 468 578 532 superstitionis
598 470 721 517 fallax
741 469 793 518 sit
809 490 831 519 a
867 471 925 519 ud
946 472 1148 519 homines
1159 470 1370 520 imbecilli
1388 471 1550 530 iudicii,

155 548 255 583 tum
281 536 428 583 multo
460 539 646 584 maxime
675 540 766 586 hoc
783 488 864 594 eff?
887 539 1008 604 quod
1026 539 1157 588 rebus
1178 538 1448 588 mirabilibus
1469 541 1551 586 vti-

153 613 239 659 tur,
273 603 434 667 quibus
464 605 668 659 facillime
699 607 931 672 capiuntur
948 609 1093 664 animi,
1129 608 1398 674 praesertim,
1432 605 1462 653 si
1481 623 1552 654 ac·

158 670 320 719 cedant
347 670 525 719 artificia
553 674 603 720 iis
634 673 852 729 solemnia,
889 676 964 739 qui
991 674 1150 723 talibus
1168 673 1403 739 {fraudibus
1419 685 1552 723 vtun-

155 749 244 795 tur,
269 738 485 789 simulatio
514 738 751 794 sanstitatis
782 752 827 790 et
856 743 1080 803 religionis
1108 741 1340 808 exquisitae
1369 743 1554 808 species,

154 822 240 872 per
266 806 400 856 ver'ba
428 809 637 868 religiosa,
667 826 769 858 cum
797 810 969 874 semper
995 812 1042 858 in
1066 826 1144 858 ore
1170 807 1233 857 est
1252 813 1376 857 Deus
1395 821 1442 860 et
1460 812 1556 857 Do,

156 876 310 922 minus
338 876 457 922 Iesus
490 876 699 926 Christus,
769 879 1012 938 Enimuero
1045 889 1093 925 vt
1115 874 1168 924 ab
1198 877 1295 924 aliis
1315 876 1554 938 generibus

159 939 220 990 fic
247 944 380 1027 etiam
410 941 463 990 ab
494 943 583 991 hoc
609 942 834 991 liberatam
862 942 945 991 effe
971 942 1205 992 Ecclesiam
1225 942 1426 1000 nostram,
1456 954 1556 990 tum

158 1012 316 1059 omnin
372 1011 660 1059 Germaniam
690 1030 771 1077 per
792 1013 1040 1060 Lutherum
1069 1023 1115 1059 et
1132 1030 1203 1059 res
1222 1011 1406 1060 testatur
1425 1021 1557 1075 atque

158 1079 292 1125 etiam
335 1075 407 1124 affi
426 1077 527 1133 sunt
554 1081 648 1126 eius
675 1079 913 1136 aduersarii.
981 1079 1136 1129 Delrio
1165 1078 1360 1143 quidem,
1388 1079 1558 1126 alienus

157 1145 235 1195 ille
259 1144 312 1192 ab
331 1146 424 1192 eius
444 1144 678 1210 disciplina,
713 1156 759 1194 et
778 1144 1070 1195 infestissimus
1090 1149 1261 1195 nomini
1283 1147 1389 1200 eius,
1419 1161 1558 1206 agno·

158 1215 224 1261 vit
251 1214 375 1260 hunc
409 1211 659 1279 disciplinae
687 1215 875 1263 Lutheri
909 1212 1126 1271 froilam,
1164 1230 1268 1262 cum
1296 1215 1340 1260 in
1373 1211 1560 1282 Dfiluffl

157 1283 358 1346 Magicis,
392 1281 473 1327 ait:
501 1290 599 1329 ante
619 1299 750 1331 annos
768 1292 936 1340 centum,
965 1299 1048 1348 quo
1067 1292 1254 1345 tempore
1271 1281 1448 1329 Lutlzeri
1465 1279 1560 1326 bae·
1642 1331 1645 1343 χι

159 1350 262 1417 rests
290 1358 391 1397 nata
420 1349 501 1413 est,
547 1349 780 1399 Germania
803 1352 1069 1400 Daemonum
1097 1349 1314 1414 manifesta
1344 1356 1386 1396 et
1414 1350 1562 1397 crebra
1644 1347 1647 1355 ³

161 1417 427 1481 infhstatione
446 1419 673 1479 plemffima
689 1418 811 1480 fuit3
844 1429 892 1466 et
919 1419 993 1466 ille
1019 1419 1204 1466 omnino
1233 1417 1357 1481 saepe
1377 1415 1564 1464 Germa·

161 1487 266 1533 niae
306 1482 656 1549 superstitionem
694 1485 942 1549 exprobrat.
1015 1488 1139 1533 Nam
1177 1501 1289 1550 quae
1327 1482 1449 1530 causa
1489 1477 1566 1538 est.

164 1569 302 1617 quare
329 1550 430 1617 post
459 1553 713 1602 Lutherum
743 1555 985 1601 Germania
1022 1554 1171 1601 minus
1208 1551 1400 1600 obnoxia
1433 1549 1566 1598 fuerit
1639 1602 1641 1609 ¹

163 1621 274 1667 huic
303 1629 430 1668 tanto
460 1621 593 1677 malo,
623 1619 713 1677 nisi,
749 1620 870 1687 quod
895 1639 976 1688 per
992 1621 1246 1670 Lutherumv
1262 1629 1309 1666 et
1326 1619 1420 1666 eius
1443 1615 1566 1663 disci,

88 1708 93 1713 *
164 1688 302 1754 pulos
320 1689 396 1736 illa
424 1687 672 1754 superstitio
702 1690 953 1746 imminuta,
987 1698 1032 1737 et
1058 1705 1110 1735 ex
1138 1688 1359 1751 plerisque
1375 1682 1568 1748 regioni·

167 1756 252 1804 bus
277 1772 422 1820 prope
451 1767 545 1804 tota
575 1757 748 1821 expulsa
768 1755 839 1804 est.
907 1761 1056 1820 Atque
1075 1754 1118 1801 id
1137 1754 1362 1802 Lutherus
1381 1754 1439 1798 ita
1457 1766 1567 1812 egea·
1649 1792 1650 1802 ,

165 1833 252 1880 rat,
282 1833 331 1870 vt
352 1823 462 1870 nihil
479 1822 683 1888 potestati
701 1823 879 1871 Diab'oli
907 1822 1169 1877 detraheret,
1203 1819 1326 1886 quod
1343 1819 1484 1866 solent
1502 1818 1569 1866 su·-

166 1887 402 1958 perstitiosi
425 1890 630 1939 homines
654 1890 918 1955 exprobrare
946 1893 1008 1943 iis,
1044 1891 1122 1954 qui
1141 1887 1196 1936 ab
1218 1887 1296 1935 illo
1317 1901 1482 1948 genere
1498 1884 1568 1933 su·
1648 1869 1650 1928 ζ

166 1955 436 2024 perstitionis
466 1958 567 2006 sunt
592 1959 743 2013 alieni;
775 1961 914 2007 immo
943 1959 1078 2005 etiam
1107 1954 1160 2004 ab
1180 1954 1434 2005 aduersariis
1453 1949 1572 2002 haud

169 2025 306 2092 paulo
327 2026 430 2091 plus
450 2024 563 2074 iusto
582 2027 622 2072 ei
642 2019 841 2074 trib'uere
859 2024 1121 2091 putabatur3
1151 2040 1244 2090 quo
1262 2023 1446 2070 nomine
1464 2034 1573 2068 eum

171 2092 300 2142 valde
333 2094 503 2143 accusat
529 2094 648 2141 idem
679 2094 752 2142 ille
770 2094 925 2141 Delrio
956 2095 1002 2140 in
1033 2091 1182 2159 Disqq.
1210 2107 1269 2138 m.
1306 2092 1354 2136 L.
1383 2091 1455 2135 111.
1471 2091 1518 2134 P.
1537 2088 1572 2136 I.

173 2178 251 2227 qu.
279 2178 321 2222 3.
347 2159 447 2209 sest·
478 2179 518 2212 2.
556 2179 601 2227 p.
632 2164 743 2224 426.
830 2166 1016 2226 Nempe
1053 2161 1202 2208 omnia
1237 2157 1314 2205 ille
1352 2152 1573 2203 tribuebat

175 2228 315 2279 verbo
343 2228 501 2277 diuino
539 2227 658 2277 reae
702 2231 885 2289 cognito
915 2239 962 2275 et
997 2229 1037 2275 ei
1071 2224 1310 2274 obediendi
1337 2219 1480 2270 studio
1509 2230 1574 2268 at-

175 2314 265 2363 que
297 2298 469 2353 animo3
514 2314 570 2344 eo
605 2299 750 2344 omnis
788 2294 1034 2362 superstitio
1060 2291 1322 2345 excluditur.
1389 2289 1475 2336 Sed
1501 2285 1576 2337 ad·

177 2363 407 2414 iuuabatur
445 2366 576 2411 etiam
615 2364 670 2412 ab
706 2364 829 2410 sociis
868 2365 1014 2428 operis
1041 2363 1124 2417 sui,
1161 2361 1368 2423 Philippo
1397 2364 1445 2404 et
1470 2356 1578 2431 3Ιῦςέ

176 2443 274 2481 tum
320 2450 344 2481 a
394 2430 651 2480 dostoribus
698 2435 858 2479 ceteris
904 2431 1122 2479 bonarum
1169 2429 1398 2476 literarum
1419 2460 1431 2479 ,
1495 2437 1576 2486 qm
1600 2427 1614 2470 f

1621 2229 1633 2262 ἓ

1635 1934 1650 2010 sl

1616 2080 1623 2132 s
1645 2011 1650 2131 l

1628 2133 1650 2466 ³i

1642 2452 1650 2481 l.

178 2516 284 2549 cum
343 2502 393 2548 in
442 2499 566 2547 libris
616 2501 783 2560 graecis
835 2509 881 2546 et
927 2499 1070 2546 latinis
1119 2490 1367 2545 enarrandis
1415 2493 1464 2538 in
1499 2489 1577 2539 ali-
1612 2482 1650 2540 fl?

176 2565 303 2632 quod
364 2584 508 2630 genus
563 2564 878 2632 superstitionis
924 2566 1160 2631 paganicae
1180 2599 1194 2622 ,
1268 2562 1316 2607 in
1377 2556 1579 2611 oracula,

1639 2545 1643 2581 1

177 2632 346 2689 νεκυίαν
392 2646 477 2682 cet.
529 2632 772 2684 incidissent
794 2671 809 2692 ,
873 2630 1105 2684 stultitiam
1124 2669 1140 2694 ,
1187 2629 1432 2682 vanitatem
1449 2661 1507 2740 ,fr
1529 2632 1578 2674 et
1619 2619 1642 2678 ³

1508 2705 1604 2739 aun
