1682 3068
215 172 311 226 298
651 175 722 205 nt
774 172 1185 208 ›ossen-tarta

211 285 416 334 homines
441 281 490 328 ad
515 279 712 329 afflones
731 292 871 330 certas
892 282 1049 340 erudit,
1080 282 1191 329 haec
1210 279 1409 332 sufficere
1427 283 1610 334 credun·

212 366 309 401 tur:
331 363 379 400 vt
390 352 535 397 mirari
550 351 646 398 satis
657 365 749 397 non
761 348 1393 414 poffimus,quomodo·quisin
1406 353 1456 399 iis
1467 351 1612 416 possit,
1665 343 1671 348 ‚

213 421 502 484 acquiescere,
514 433 654 481 quum
665 417 871 464 homines
882 417 934 463 ad
945 414 1141 465 officium
1154 417 1410 466 faciendum
1422 419 1613 467 adduce-

212 503 262 537 re
283 485 479 541 instituit,
498 496 545 531 et
565 483 640 531 sibi
663 484 929 547 persuadere,
949 502 1218 549 quemquam
1241 502 1320 550 par
1339 503 1389 533 ea
1412 485 1617 534 faturum¹

211 555 371 617 talem,
411 554 590 617 qualem
616 550 699 600 effe
719 554 847 608 velit,
891 562 966 598 aut
982 550 1206 608 asturum,
1247 570 1360 617 quae
1386 553 1613 602 facereiu·
1680 596 1682 606 ,

210 623 326 671 beat.
403 625 547 668 Immo
567 637 673 667 vero
695 618 1032 681 intelligendum
1055 631 1149 666 erat
1177 629 1311 683 atque
1342 620 1611 678 faciendum,
1680 625 1682 685 ξ

210 689 335 753 quod
356 687 546 750 magistri
567 688 860 735 humanarum
881 689 1042 733 artium
1063 687 1178 734 ben-e
1197 687 1387 745 faciunt,
1407 700 1458 737 vt
1476 692 1613 735 etiam
1680 699 1682 718 ³

210 756 375 805 modus
393 757 565 804 virtutis·
585 765 630 802 et
649 753 784 802 officii
803 753 1104 816 consequendi
1122 755 1425 819 explicaretur.
1472 758 1616 819 Saepe
1681 757 1682 762 ’

210 828 376 881 etiam,·
406 835 454 870 vt
471 839 604 884 agere
622 822 772 887 poffis,
814 820 939 884 quod
960 821 1121 868 debeas
1147 831 1224 868 aut
1246 823 1377 878 velis,
1418 839 1533 888 opus
1548 820 1614 869 est

211 893 524 940 exercitatione
552 891 715 952 aliqua,
770 891 894 935 cuius
929 889 1093 936 modus
1125 899 1171 937 et
1207 892 1318 936 ratio
1349 888 1411 936 est
1440 903 1612 951 cogno*-

206 959 376 1008 scenda.
447 963 550 1005 Nec
567 960 614 1004 in
635 958 684 1003 iis
702 956 1022 1016 cognoscendis
1040 958 1140 1004 satis
1158 953 1222 1002 est
1240 957 1460 1017 generalia
1481 974 1612 1022 quae·
1670 1012 1676 1023 ¹

209 1027 308 1076 dam
343 1035 575 1091 praecepta
594 1025 796 1079 tradere,
832 1022 906 1070 sed
933 1040 1046 1088 quae
1078 1022 1164 1071 fint
1189 1024 1522 1071 accommodata
1555 1023 1612 1072 ad

208 1098 423 1159 cuiusque
440 1091 643 1148 affimis,
673 1089 831 1146 officii,
862 1092 1127 1155 virtutisque
1151 1090 1350 1138 indolem
1371 1101 1506 1155 atque
1529 1108 1606 1138 na-

206 1174 367 1211 turam.
451 1159 536 1209 Sed
567 1161 674 1206 haec
696 1156 802 1222 'post
828 1158 1002 1222 planius
1030 1157 1376 1224 explicabuntur.
1462 1156 1608 1206 Restat

205 1232 364 1293 igitur,
408 1241 458 1276 vt
479 1244 577 1291 pars
598 1224 804 1273 doffinae
825 1227 1003 1272 moralis
1024 1244 1080 1274 eo
1101 1228 1330 1289 pertinens
1353 1225 1608 1287 diligentius

205 1301 252 1348 in
272 1297 444 1362 populo
473 1292 681 1342 docendo
699 1291 976 1348 adhibeatur,
1018 1303 1063 1340 et
1083 1290 1298 1340 trastetur
1316 1294 1517 1357 inprimis
1537 1310 1609 1340 ex·
1668 1319 1672 1325 =

206 1366 467 1428 colaturque
487 1364 532 1409 in
555 1361 713 1408 scholis
732 1360 1005 1420 diligentius.
1081 1363 1134 1409 In
1162 1376 1214 1407 ea
1230 1359 1315 1418 est,
1359 1377 1472 1425 quae
1506 1376 1610 1426 pro·
1667 1370 1678 1428 ,ἢ

206 1434 304 1499 prie
323 1432 561 1496 Difitjplina
583 1428 822 1491 Christiana
850 1427 941 1474 dici
962 1427 1118 1487 debet,
1160 1427 1215 1476 de
1234 1430 1359 1476 cuius
1379 1437 1534 1476 natura
1560 1437 1608 1478 et
1668 1429 1677 1459 Ἰ

206 1499 348 1551 modo
371 1513 596 1569 exponere
626 1495 905 1547 instituimus.

733 1678 1001 1724 SECTIO
1042 1678 1077 1724 Ι.

495 1770 584 1823 Der
639 1766 956 1840 disciplina
1032 1769 1314 1841 uniuersa.

308 1914 347 1955 ς.
406 1898 527 1945 Ante
559 1914 665 1945 vero
696 1914 826 1962 quam
855 1898 987 1964 ipsam
1031 1900 1305 1964 explicemus
1339 1897 1605 1963 Disciplinae
1673 1891 1678 1918 ³

153 1995 158 1997 -
203 1962 474 2014 Christianae
513 1979 736 2021 naturam,
801 1965 856 2012 de
897 1965 1116 2014 vocabulo
1151 1965 1368 2031 quaedam
1393 1966 1604 2013 vident-ur
1667 1992 1674 1999 -

202 2031 547 2099 praemonenda.
612 2037 682 2080 Ac
700 2032 794 2079 satis
817 2032 997 2095 quidem
1017 2036 1224 2094 frequens
1244 2031 1306 2080 est
1325 2031 1610 2081 consuetudo.

201 2100 324 2149 verbi
341 2099 469 2146 huius
490 2100 545 2147 de
569 2098 766 2147 doarina
785 2101 875 2164 ipsa
896 2101 1152 2166 vsurpandi‚
1189 2099 1280 2148 fiue
1299 2103 1354 2148 de
1378 2118 1446 2157 eo,
1479 2097 1609 2164 quod
1675 2150 1678 2154 ,

201 2185 284 2235 per
315 2166 561 2215 doEizrinam
583 2168 866 2229 cognoscitur
881 2171 950 2216 vel
970 2169 1180 2231 cognosci
1201 2168 1357 2224 debet;
1396 2166 1602 2223 sedf'eam

200 2235 406 2284 aberrare
428 2253 451 2281 a
470 2237 646 2299 propria
668 2235 790 2282 verbi
809 2238 848 2283 vi
869 2247 915 2282 et
937 2236 1012 2284 vsu
1034 2239 1193 2283 veteris
1213 2237 1451 2294 latinitatis,
1479 2232 1600 2281 haud.

201 2300 382 2350 difficile
402 2300 462 2349 est
482 2303 744 2363 intelligere.
843 2308 964 2362 Nam
986 2322 1033 2350 ea
1054 2303 1341 2366 disciplinam,
1375 2304 1421 2349 in
1440 2300 1605 2348 scholis-

200 2370 407 2435 quidem,
459 2370 595 2417 refert
623 2370 676 2417 ad
712 2370 976 2418 methodum
1006 2370 1197 2419 docendi
1230 2384 1362 2434 atque
1392 2366 1598 2423 discendi,

199 2438 497 2499 intelligitque
519 2435 721 2494 instituta,
741 2438 899 2501 quibus
923 2438 1114 2499 magistri
1133 2449 1328 2494 vtuntur,
1349 2452 1443 2483 non
1456 2433 1596 2482 modo
1675 2442 1677 2446 ’

200 2505 254 2552 ad
273 2504 389 2550 bene
417 2505 757 2566 intelligendum
788 2517 834 2552 et
853 2506 1237 2566 cognoscendum,
1278 2502 1350 2550 sed
1378 2503 1507 2550 etiam
1539 2499 1596 2549 ad
1676 2538 1680 2564 3,

197 2572 470 2628 faciendum,
504 2572 626 2636 quod
646 2575 937 2633 cognoueris:
973 2573 1018 2620 id
1040 2573 1160 2637 quod
1181 2573 1255 2622 vsu
1277 2570 1595 2635 optimicuius-
1677 2610 1679 2631 3

197 2655 289 2710 que
317 2638 543 2703 scriptoris
573 2640 700 2690 latini
721 2638 868 2710 potest
897 2638 1164 2691 confirmari.
1222 2692 1226 2695 ,
1265 2642 1372 2697 Quo
1398 2636 1599 2749 pertint}
1671 2683 1676 2687 .

1466 2719 1556 2770 quo
1671 2715 1677 2717 “
