1682 3068
349 190 410 223 nr
451 176 751 222 minione
803 186 1218 221 cowsrxrvznna
1388 182 1487 238 187

83 311 245 353 'tutum
277 297 501 352 sensuum,
566 311 760 361 quorum
793 294 990 343 suauitati
1027 292 1308 357 benignitate
1338 294 1488 344 diuina

87 363 381 434 eopiofillime
395 363 619 432 prouisum
640 362 854 410 videmus.
892 363 1006 411 lllud
1023 381 1163 428 porro
1181 361 1352 411 constat
1370 365 1488 411 inter

86 433 395 498 Philosophus,
414 434 492 498 qui
508 430 762 492 diligentius
783 441 984 478 naturam
1001 449 1148 479 rerum
1169 443 1490 496 corporearum

89 519 142 551 ae
162 499 446 555 sonfibilium,
478 498 769 564 ipsorumque
787 498 1009 552 sensuum,
1039 499 1489 560 indagaueruntsnul·

88 572 178 620 lam
197 568 283 618 effe
301 566 600 618 nenessitatem
619 565 860 614 absolutam
878 568 923 613 in
942 564 1157 613 sensibus:
1193 584 1302 623 non,
1329 579 1377 615 vt
1395 584 1490 615 non

90 637 265 686 necefl'e
288 634 365 692 fit,
400 636 584 691 sentire,
622 635 698 681 vbi
723 635 909 695 integris
939 632 1157 681 sentiendi
1186 633 1490 684 instrumentis

89 708 158 753 vis
176 707 308 755 eniini
321 704 510 752 sentiens
531 702 584 750 ad
603 701 910 768 percipiencias
929 718 1001 748 res
1023 714 1222 749 externas
1240 703 1492 751 incumbat:

89 772 164 823 sed
174 783 223 820 vt
232 788 323 820 non
344 768 580 819 uecefl'ario
591 771 651 818 ita
660 769 922 817 adliciantur
941 770 1087 818 sensus
1099 770 1329 834 animique*
1341 788 1492 818 rerum

87 838 355 892 sensibilium
375 837 584 904 impulsu,
604 849 654 886 vt
673 854 797 885 nunc
816 835 1016 902 quidem,
1050 841 1098 884 in
1114 839 1198 884 hac
1214 854 1363 885 rerum
1384 855 1491 886 con·

89 898 336 964 stiffitione,
384 916 641 955 mouentur.
743 910 914 953 Totam
955 906 1076 954 illam
1127 904 1493 954 coniunffionem

87 974 275 1036 (σχίσιν
302 986 465 1024 vocant
493 974 675 1032 Graeci,
723 974 987 1022 relationem
1026 973 1286 1039 Philosophi
1326 973 1492 1034 nostri)

88 1060 204 1109 quae
222 1043 367 1092 sensus
388 1055 436 1091 et
465 1059 704 1106 corporeas
722 1061 793 1090 res
813 1040 1062 1097 intercedit,
1097 1043 1169 1098 ita,
1191 1045 1255 1089 vti
1276 1060 1398 1090 nunc
1417 1040 1493 1099 est,

89 1110 343 1168 constituit,
382 1128 476 1158 non
506 1109 749 1158 necessitati
774 1108 986 1159 obediens
1011 1110 1303 1171 intelligentia
1335 1110 1494 1167 diuina,

86 1178 164 1226 sed
182 1179 418 1230 consulens
444 1178 684 1226 hominum
713 1179 911 1225 suauitati
936 1177 1163 1226 arbitrium
1185 1179 1327 1226 diuini
1355 1181 1495 1226 numi·

86 1248 172 1295 nis.
246 1250 387 1304 Nam,
409 1257 460 1294 vt
479 1245 536 1293 de
556 1247 700 1294 oculis
722 1245 860 1294 modo
883 1245 1045 1303 dicam,
1075 1245 1184 1293 haec
1201 1258 1292 1293 tam
1310 1246 1498 1314 pulchra

89 1313 285 1378 species,
315 1331 421 1361 eum
439 1312 629 1361 vniuerli
649 1315 828 1371 mundi,
873 1331 1007 1377 quam
1028 1330 1131 1360 vere
1152 1315 1193 1361 C
1187 1318 1295 1362 icero
1323 1315 1495 1362 insatia-

91 1380 232 1430 bilem
250 1392 405 1438 vocat,
447 1391 548 1428 tum
574 1398 719 1428 rerum
750 1379 1021 1442 lingularum
1046 1383 1092 1428 in
1111 1382 1195 1428 hac
1213 1394 1349 1438 terra,
1392 1401 1495 1448 qua·

92 1465 196 1497 rum
214 1446 476 1515 exquisitum
496 1459 703 1496 ornatum
725 1466 777 1496 ae
793 1449 926 1496 decus
946 1450 992 1495 in
1010 1447 1233 1496 coloribus
1251 1448 1496 1515 figurisque

89 1532 182 1564 nec
200 1518 297 1565 satis
313 1515 539 1570 admirari,
582 1533 668 1563 nec
688 1515 780 1564 line
798 1532 957 1577 magna
985 1516 1194 1564 suauitate
1218 1519 1380 1565 intueri
1399 1519 1496 1582 pos·

92 1584 265 1642 sumus,
295 1582 428 1631 nobis
452 1584 631 1648 quidem
650 1596 730 1631 aut
752 1587 920 1648 periret
936 1601 1094 1645 magna
1112 1596 1246 1648 parte,
1269 1597 1344 1632 aut
1366 1588 1495 1650 plane

92 1651 178 1700 alia
194 1650 334 1707 fieret,
353 1647 523 1698 mutata
540 1652 699 1699 leuiter
715 1653 783 1699 vel
801 1653 1035 1699 oculorum
1055 1650 1270 1700 stmaura
1287 1654 1357 1700 vel
1378 1648 1496 1701 cere·

94 1718 186 1776 bri,
228 1719 503 1784 omninoque
533 1736 605 1775 ea,
647 1737 782 1784 quam
812 1731 917 1767 ante
937 1719 1045 1775 dixi,
1087 1737 1240 1768 rerum
1258 1737 1495 1781 corporea-

95 1803 199 1835 rum
217 1786 272 1834 ad
291 1787 451 1834 oeulos
477 1787 715 1842 relatione,
760 1799 809 1835 et
834 1789 1016 1835 luminis
1046 1789 1093 1834 in
1113 1789 1268 1836 oculos
1295 1786 1494 1844 afflone:

93 1853 218 1921 quod
235 1853 361 1901 fuifl'e
380 1855 426 1901 in
442 1852 658 1919 potestate
676 1858 787 1912 Dei,
821 1873 957 1904 nemo
974 1854 1180 1918 ambigat.
1255 1859 1398 1920 Igitur
1430 1875 1494 1915 ea,

93 1938 209 1987 quae
225 1938 347 1969 nune
367 1919 429 1968 est
442 1919 635 1970 instituta
656 1922 890 1981 diuinitus,
928 1925 974 1970 in
1002 1940 1161 1984 magna
1189 1924 1495 1987 indulgentiae

94 1988 258 2037 liberae
275 2002 400 2053 parte
419 1993 641 2037 numerari
661 1989 815 2047 debet,
844 1991 1034 2040 volentis
1054 1991 1184 2040 nobis
1205 1994 1294 2040 hoc
1312 1994 1497 2042 dornici-

97 2057 213 2104 lium
242 2054 444 2105 nostrum
474 2073 605 2120 quam
640 2058 993 2123 pulcherrimum
1025 2070 1158 2125 atque
1201 2060 1497 2111 suauiffimum

99 2121 289 2171 effioere.
356 2122 441 2169 Sed
459 2123 569 2171 haec
587 2135 633 2171 et
650 2126 730 2173 alia
749 2127 817 2174 his
839 2125 1012 2184 limilia,
1030 2144 1142 2192 quae
1160 2144 1252 2175 non
1274 2131 1496 2178 inutiliter

98 2190 156 2239 ad
182 2190 446 2251 religionem
476 2201 526 2238 et
547 2193 761 2256 pietatem
787 2195 1063 2249 referuntur,
1103 2197 1180 2260 qui
1202 2194 1264 2242 est
1290 2197 1496 2244 scientiae

96 2258 303 2306 naturalis
323 2255 494 2305 fruaus
513 2259 859 2324 pulcherrimus,
898 2259 1077 2310 fortasse
1095 2264 1225 2309 nimis
1247 2263 1420 2312 subtilia
1447 2276 1497 2313 et

96 2323 406 2392 philosophica
424 2327 551 2373 sunt:
597 2325 652 2374 ad
671 2345 746 2385 ea,
779 2347 894 2394 quae
913 2346 1017 2378 oum
1037 2330 1292 2394 Theologia
1311 2335 1498 2382 coniun-

96 2391 235 2442 ‹stiora
254 2393 374 2449 sunt,
413 2394 652 2442 veniamus.

199 2464 271 2510 16.
306 2464 358 2508 In
376 2462 519 2525 prima
535 2462 668 2523 igitur
685 2463 882 2510 hominis
898 2481 1058 2511 recens
1078 2467 1215 2514 creati
1234 2467 1496 2518 conditione

98 2545 234 2594 quam
253 2526 394 2575 multa
413 2538 459 2575 et
476 2545 633 2590 magna
649 2530 791 2587 fuere,
830 2548 943 2596 quae
970 2533 1083 2580 nihil
1111 2534 1338 2584 eoniunffl
1360 2538 1498 2586 habe·

98 2607 202 2645 rent
229 2612 332 2643 cum
367 2595 642 2644 naturalibus
674 2598 867 2645 hominis
894 2596 1083 2648 officiis?
1152 2607 1273 2651 Nam
1302 2608 1499 2669 primum

72 2675 75 2679 ’
100 2664 405 2717 immortalitas
415 2667 616 2737 corporis
635 2668 678 2714 ei
689 2665 786 2714 data
798 2674 904 2727 erat,
922 2668 1048 2733 (Gan.
1063 2671 1128 2728 II,
1141 2671 1388 2734 9.eoll.III,
1400 2677 1502 2735 22.)

140 2758 141 2761 ¹
1449 2750 1502 2791 vt
