1682 3068
495 178 1134 210 MVRAToR1vs
1439 178 1503 225 51

103 301 239 350 quam
266 285 340 332 hic
358 284 478 332 addit
506 281 806 345 superioribus
837 283 1005 340 verbis,
1045 285 1148 341 satis
1178 281 1343 333 dictum
1369 303 1394 332 a
1412 287 1503 334 Sal-

10 372 25 383 ‚
105 355 233 418 masto
265 352 320 399 de
348 348 845 406 transsubstantiatione,
894 368 939 413 p.
972 369 1026 411 51
1059 353 1150 417 sqq.
1183 369 1294 414 quae
1335 350 1367 400 fi
1399 356 1503 417 quis

103 417 276 484 potest,
317 419 444 467 snluis
474 419 788 464 Grammaticis
815 421 1086 483 praeceptis,
1125 420 1366 483 refellere,
1397 438 1501 468 eum

101 487 346 535 audiemus:
406 510 413 513 «

198 551 284 601 Sed
310 550 473 599 deinde
498 560 647 599 tentat
672 550 940 616 respondere
971 551 1025 598 de
1054 553 1164 600 locis
1194 552 1402 616 singulis:
1451 567 1499 604 et
1568 548 1578 562 ⁸

100 622 296 686 primum
314 618 371 666 de
391 619 676 685 Chrysbstomi
693 619 851 666 verbis.
927 622 978 665 In
998 619 1157 685 quibus
1177 623 1319 669 multo
1341 625 1496 687 potius

100 687 229 736 nobis
257 687 360 733 licet
379 686 584 751 vsurpare
610 687 718 734 illud
738 689 1004 736 Muratorii:
1048 688 1137 734 loci
1165 689 1279 736 illius
1309 694 1397 739 vim
1433 693 1495 739 ita

52 811 56 814 γ
97 752 367 803 manifestam
392 752 499 809 effe,
536 765 583 800 vt
602 753 838 802 absurdum
856 755 986 818 plane
1013 752 1086 810 fit,
1129 756 1245 803 aliud
1275 757 1337 804 ibi
1373 758 1494 822 quid,

93 838 227 885 quam
250 823 545 869 Lutheranam
567 821 844 880 sententiam,
865 839 1099 886 quaerere,
1123 840 1217 869 eam
1245 841 1337 870 non
1358 843 1492 887 agno-

92 889 226 936 scere.
325 894 485 953 Neque
505 888 578 935 ista
597 906 716 937 mera
736 889 866 936 verba
896 889 1020 944 sunt,
1058 907 1170 955 quae
1189 891 1491 955 Sophistarum

22 985 27 989 <
69 972 218 1012 ,more
237 954 471 1012 instamus,
502 957 575 1004 vbi
594 957 705 1005 nihil
727 957 845 1011 aliud
865 955 1099 1012 habemuS,
1125 958 1248 1022 quod
1273 958 1490 1007 dicamus:

88 1022 165 1071 hd
191 1041 263 1072 res
294 1025 383 1088 ipsa
413 1026 504 1073 hoc
530 1025 751 1088 loquitur,
788 1036 848 1073 *et
879 1022 1058 1072 historia
1098 1025 1227 1072 huius
1264 1026 1489 1091 epistolae.

87 1095 210 1140 Nam
242 1090 275 1138 fi
311 1108 405 1139 non
444 1091 670 1140 manifeste
702 1090 1192 1141 transsubstantiationis
1220 1092 1491 1156 figmentum

87 1157 293 1206 tollitista
314 1156 516 1224 epistola,
553 1178 712 1225 quare,
743 1163 957 1226 primum,
997 1160 1050 1206 ab
1072 1163 1202 1207 initio
1226 1163 1336 1209 nihil
1367 1163 1489 1210 aliud

85 1225 344 1291 responsum
365 1224 427 1273 est
445 1244 469 1274 a
486 1229 697 1276 Perronio
720 1240 767 1275 et
791 1229 904 1285 aliis,
947 1245 1077 1292 quam
1109 1225 1336 1292 epistolam
1368 1232 1489 1289 illam

85 1310 114 1340 a
133 1295 267 1342 Petro
277 1297 485 1359 Martyre
504 1294 588 1341 effe
609 1295 877 1344 consistam?
911 1313 1046 1359 quare
1068 1295 1228 1344 deinde
1252 1298 1340 1344 hoc
1359 1310 1486 1346 tanto

85 1358 254 1416 studio,
287 1372 408 1408 tanta
427 1377 552 1418 cura,
585 1363 694 1408 adde
715 1367 849 1410 etiam
871 1365 925 1418 vi,
962 1362 1108 1410 astum
1132 1362 1204 1418 est,
1235 1377 1282 1411 vt
1302 1362 1488 1429 epistola
1511 1395 1518 1402 ·

83 1427 159 1475 illa
178 1429 224 1476 in
243 1428 520 1476 Bibliotheca
539 1429 796 1485 Florentius
818 1429 1118 1477 'occultaretur
1134 1466 1145 1486 ,
1183 1430 1296 1478 edita
1318 1434 1487 1497 suppri-

82 1499 315 1543 meretur?
354 1498 506 1549 Quare
524 1495 623 1561 post
644 1498 752 1544 haec
775 1507 1011 1561 tantopere
1028 1497 1297 1555 laboratum,
1339 1510 1388 1547 vt
1416 1501 1487 1548 vel

83 1562 228 1625 spuria
248 1573 502 1626 putaretur,
538 1565 606 1610 vel
627 1566 756 1611 aliter
775 1566 1130 1625 intelligeretur?
1177 1570 1351 1613 Nonne
1372 1569 1486 1614 haec

82 1628 203 1691 signa
220 1630 320 1677 sunt
346 1629 666 1694 laborantium,
712 1646 757 1679 et
785 1632 844 1679 ob
871 1632 1224 1696 perspicuitatem
1245 1632 1485 1682 verborum

80 1700 126 1744 in
149 1694 366 1758 angustias
386 1713 456 1744 eas
478 1695 781 1747 redastorum.
824 1699 940 1746 vnde
967 1701 1008 1744 se
1029 1701 1234 1763 expedire
1262 1718 1352 1748 non
1383 1703 1484 1765 pos-

44 1792 57 1818 ,-
80 1763 196 1812 fint?
266 1768 415 1821 Tum,
466 1765 587 1830 quod
615 1767 745 1814 etiam
775 1767 1089 1827 Zwinglianae
1121 1770 1278 1814 rationi
1309 1768 1481 1826 addisti,

79 1832 344 1880 nominatim
367 1835 611 1897 Bingamm,
636 1834 846 1890 fatentur,
878 1835 1001 1881 hunc
1017 1836 1167 1882 locum
1189 1847 1311 1882 certe
1330 1836 1481 1884 fauere

77 1900 359 1948 Lutheranae
379 1898 647 1958 sententiae3
699 1919 791 1948 non
819 1902 935 1949 clare
957 1902 1145 1955 indicat,
1178 1903 1250 1949 hic
1271 1902 1356 1951 effe
1382 1922 1482 1953 eam

77 1967 458 2031 perspicuitatem,
511 1970 581 2015 cui
615 1969 821 2030 refragari
850 1987 946 2017 non
982 1970 1146 2033 poffis‘?
1216 1976 1315 2031 Age
1358 1989 1479 2029 vero,

78 2033 184 2096 quid
204 2032 351 2080 noster
371 2036 444 2081 hic
460 2036 674 2083 molitur?
740 2037 874 2084 Nihil
890 2038 1007 2084 aliud
1029 2035 1296 2102 exspestaui‚
1341 2056 1480 2103 quam

78 2112 156 2157 vt,
191 2097 303 2147 ficut
322 2103 527 2166 antiquus
545 2104 618 2149 iile
636 2104 924 2166 Aristarchus,
964 2106 1109 2152 versus
1130 2107 1326 2160 Homeri,
1360 2124 1477 2170 quos

77 2175 173 2215 r'non
198 2166 423 2232 probabat,
457 2185 541 2232 pro
561 2170 716 2235 spuriis
735 2172 972 2228 reiiciebat,
1000 2175 1058 2218 ita
1081 2173 1186 2235 ipse,
1222 2174 1346 2219 velut
1364 2174 1477 2223 aiter

79 2236 377 2298 Aristarchus,
425 2236 663 2299 Epistulam
707 2239 823 2286 hanc
860 2240 1154 2303 Chryfhstomo
1195 2240 1477 2298 abiudicaret,

79 2306 158 2366 qui
190 2305 320 2350 etiam
349 2304 546 2351 Paullino
575 2308 622 2352 in
651 2308 875 2355 Anecdotis
904 2310 1074 2355 Latinis
1099 2307 1239 2354 multa
1270 2306 1400 2355 verba
1418 2319 1477 2366 ‘et

77 2370 243 2418 formas
267 2370 444 2417 dicendi
467 2370 708 2429 abiudicat‚
744 2376 875 2420 etiam
896 2374 1196 2428 hemistichia,
1231 2392 1344 2437 quae
1370 2374 1476 2431 toti·

80 2437 184 2485 dem
213 2438 353 2484 literis
382 2437 484 2486 sunt
513 2441 558 2485 in
581 2441 814 2500 Virgiliana
833 2441 1052 2497 Aeneide,
1094 2453 1139 2487 et
1163 2442 1270 2489 hinc
1298 2460 1325 2490 a
1344 2445 1475 2492 Paul-

75 2509 160 2552 Iino
180 2507 382 2569 repetita.
427 2505 512 2553 Sed
529 2506 704 2554 fortaffe
723 2510 868 2554 noluit
888 2507 962 2554 fibi
984 2508 1147 2572 aliquid
1172 2527 1309 2573 porro
1331 2529 1473 2573 nego-

31 2587 53 2598 *
74 2574 123 2619 tii
134 2571 218 2618 effe
239 2589 340 2619 curn
357 2575 528 2627 critica,
563 2591 676 2636 quae
695 2574 738 2620 se
756 2578 801 2622 in
812 2576 1148 2639 Inscriptionum
1163 2581 1367 2642 Corpore
1378 2590 1471 2627 tam

74 2639 223 2705 saepe,
258 2651 348 2689 tam
368 2639 500 2688 foede
525 2640 757 2690 fefellisset.
825 2650 1007 2708 Aequus
1029 2641 1090 2690 est
1119 2661 1229 2707 ergo
1251 2644 1470 2711 Epistulae

82 2711 90 2731 ³
765 2712 808 2757 D
843 2727 871 2757 2
1360 2712 1466 2779 ipfi:
