1682 3068
482 156 1121 190 MvnAronlvs
1436 153 1502 204 53

31 326 35 329 ἢ
104 277 148 315 et
170 269 279 314 aliae
296 267 543 331 qualitates,
565 263 774 327 ssperies
789 264 1058 312 humanitatis
1067 263 1166 328 post
1182 264 1503 311 incarnationem

90 344 367 399 permanent,
410 341 643 394 propterea
677 343 835 380 natura
872 333 1048 380 humana
1075 347 1288 380 remanere
1325 335 1501 378 dicitur.-

98 419 233 463 quam
261 398 554 465 ταςαζφςασιν
596 397 830 445 admittere
870 402 1048 459 cogitur
1082 399 1416 463 Chryfhstomus,
1465 395 1500 445 fi

97 469 487 523 Muratodanailla
513 483 613 512 vera
635 463 708 511 est.
802 470 973 519 Immo,
1008 466 1059 512 o!
1088 483 1249 527 magne
1266 463 1495 530 interpres,

96 549 254 584 natura
268 529 394 600 nanis
413 550 506 580 non
525 537 675 581 dicitur
695 550 922 589 remanere,
951 533 1022 578 sed
1033 537 1275 601 permarfit.
1343 539 1495 598 Atque
1518 578 1522 579 γ

94 615 145 652 tu
165 614 263 663 ante
282 600 529 666 pugnabas,
571 611 769 649 naturam
791 600 1153 664 effisicbstantiam
1182 618 1283 665 pag.
1307 618 1412 662 ¹35-
1445 609 1493 648 et

91 680 268 725 natatu
286 674 551 717 mutationem
570 667 656 715 effe
677 667 931 715 substantiae
948 667 1300 724 conuerfionem.
1361 674 1491 726 Quo-

91 736 227 800 modo
254 743 441 801 repente
468 747 620 784 natura
647 738 692 783 in
720 737 911 801 speciem
942 747 1165 783 externam
1195 739 1488 783 conuertitur.

56 808 59 811 ’
89 795 271 867 Nempe
290 804 508 865 virgulam
530 803 725 851 diuinam
751 803 923 851 habetis
946 808 1062 858 Vos,
1105 805 1296 852 Romani
1324 805 1486 851 Gram-

85 872 258 927 matici,
287 884 420 937 atque
437 873 726 936 interpretes,
766 882 896 936 atque
914 872 1059 919 multo
1080 872 1218 932 magis
1237 871 1486 933 Theologi,

84 954 175 1002 qua
208 942 379 995 omnia,
417 956 522 986 cum
548 938 694 994 lubet,
743 940 1026 997 conuertitis,
1067 939 1482 987 transelementatis.

82 1008 214 1055 Enim
233 1024 339 1054 vero
360 1009 533 1071 pergit:
568 1009 743 1073 Quodsi
749 1007 1054 1071 fhphislicando
1075 1011 1232 1074 exigis.-
1244 1009 1482 1075 ficati-cor·

71 1091 171 1136 pus?
188 1073 236 1122 C'.
266 1078 309 1121 in
335 1075 599 1139 Eucharssia
628 1077 802 1124 realiter
827 1076 1003 1143 exfiflit,
1054 1079 1117 1123 ita
1136 1077 1228 1123 Allia
1262 1090 1480 1125 remanere

78 1144 225 1188 debere
245 1159 396 1206 corpas
412 1149 567 1204 panis:
605 1161 683 1190 nos
714 1160 801 1190 cum
830 1148 966 1191 eodem
982 1143 1155 1191 auHore
1172 1142 1480 1206 respondemur,

77 1225 173 1255 non
201 1207 292 1256 duo
322 1227 533 1275 corpora,
576 1209 648 1256 sed
681 1227 816 1258 vnum
846 1227 1011 1274 corpus
1029 1211 1130 1258 Filii
1155 1209 1399 1275 praedicari
1427 1213 1478 1259 de

77 1276 361 1342 Eucbanstia,
403 1282 502 1341 quia
524 1282 652 1340 panis
664 1277 895 1343 fiibstantia
920 1283 963 1326 in
994 1278 1160 1341 Corpus
1187 1280 1366 1327 Domini
1387 1292 1477 1340 per

76 1346 255 1390 diuinam
273 1349 469 1391 virtutem
485 1345 678 1406 conuersa
698 1347 755 1410 est
775 1356 860 1392 cet.
956 1345 1075 1393 Illud
1094 1342 1240 1392 reste:
1284 1363 1366 1393 non
1392 1348 1477 1392 duo

77 1410 274 1470 Corpora
294 1415 558 1473 praedicari,
596 1409 706 1458 ficut
731 1415 778 1459 in
805 1409 999 1468 Christo,
1044 1430 1156 1460 vnus
1186 1413 1344 1467 Filius,
1386 1429 1477 1459 vna

74 1476 283 1540 persona,
334 1494 427 1524 nou
455 1477 544 1526 duo
565 1479 685 1535 Filii,
718 1479 830 1527 duae
855 1479 1089 1544 personae:
1126 1478 1199 1526 sed
1217 1490 1265 1527 vt
1291 1490 1473 1544 utraque

72 1554 247 1600 natura,
295 1543 439 1592 diuina
457 1557 502 1592 et
521 1545 874 1604 humanatvnum
885 1546 1050 1610 filium,
1097 1565 1220 1597 vnam
1243 1548 1472 1610 personam

58 1607 275 1674 fecermzt,
314 1610 372 1659 fic
390 1613 464 1660 hic
479 1623 737 1675 imumque,
779 1615 902 1678 panis
922 1625 969 1669 et
987 1631 1149 1678 corpus
1168 1612 1351 1672 Christi,
1388 1631 1472 1664 non

72 1683 151 1724 duo
167 1695 357 1740 corpora,
380 1681 465 1744 fi’d
481 1698 602 1728 vnum
608 1681 697 1744 filii
717 1680 879 1743 Corpus
892 1686 1205 1743 praedicantur.
1240 1681 1313 1730 Ad
1332 1691 1470 1730 extre-

68 1761 195 1792 mum
214 1745 330 1793 redit
347 1748 400 1794 ad
420 1747 529 1794 illud
549 1749 672 1797 suum
685 1783 698 1804 ,
743 1759 791 1796 vt
809 1749 919 1795 haec
937 1748 1070 1796 verba
1091 1748 1275 1798 obscura
1293 1759 1341 1796 et
1358 1766 1467 1797 con-

66 1812 162 1860 fusa
178 1812 294 1860 dicat
313 1816 604 1879 inireturque,
644 1833 781 1879 quare
811 1834 905 1863 non
933 1817 1028 1864 aliis
1049 1819 1203 1882 potius
1221 1818 1466 1883 perspicuis

16 1930 24 1937 ,
72 1881 353 1944 Chryfhstomi
376 1883 487 1930 locis
514 1885 724 1940 nitamur,
771 1901 905 1947 quem
933 1901 1031 1948 pag.
1057 1894 1148 1946 ¹58
1178 1895 1287 1933 extr.
1320 1885 1467 1933 solum

68 1963 251 1995 omnem
272 1948 389 1996 hanc
408 1949 751 1997 controuersiam
771 1951 977 1999 dirimere
994 1950 1119 2017 poss‘e
1140 1951 1262 2001 dicit:
1336 1954 1380 2000 Si
1408 1948 1465 1999 de

66 2015 309 2078 praesentia
335 2034 436 2064 vera
456 2021 503 2064 C.
522 2029 567 2064 et
586 2021 624 2064 S.
642 2021 688 2066 C.
708 2019 938 2080 intelligit,
980 2019 1205 2076 concedo,
1245 2018 1301 2067 de
1320 2030 1464 2068 trans·

68 2079 427 2130 substantiatione
450 2084 565 2132 nihil
594 2086 704 2147 legi,
751 2098 830 2134 aut
863 2087 1085 2151 prolatum
1114 2086 1221 2145 vidi,
1261 2090 1334 2134 cui
1366 2105 1463 2135 non

66 2148 192 2197 facile
211 2149 533 2213 respondeatur.
612 2157 893 2218 Quamquam
923 2172 1006 2202 nos
1028 2155 1248 2203 deterrere
1268 2166 1463 2220 poterat,

64 2233 158 2280 quo
178 2218 322 2263 minus
339 2218 420 2265 alia
439 2219 835 2285 loca-Chrysostomi
853 2224 1192 2283 attingeremus,
1226 2239 1330 2270 cum
1352 2238 1461 2271 eum

62 2301 219 2331 coecum
237 2294 311 2332 aut
331 2288 599 2347 impudentem
616 2291 904 2351 pronunciet,
947 2292 1020 2353 qui
1041 2292 1086 2336 in
1105 2293 1155 2336 iis
1185 2307 1279 2337 non
1312 2289 1460 2338 videat

63 2349 271 2412 dogmata
290 2355 508 2410 Romana,
535 2353 595 2400 ibi
615 2356 666 2404 in
681 2355 862 2402 meridie
881 2356 1019 2421 posita
1052 2359 1123 2422 (p.
1146 2360 1279 2418 164.)
1306 2367 1458 2406 tamen

62 2417 150 2464 ausi
176 2419 321 2465 sumus
350 2421 582 2484 inspicere,
625 2440 735 2486 quae
761 2424 852 2487 ipse
877 2425 1031 2471 attulit.
1133 2423 1359 2472 Credibile
1381 2423 1458 2481 est,

63 2485 119 2531 de
145 2485 318 2546 grandi,
360 2498 407 2533 vt
434 2490 504 2542 ait,
533 2505 694 2536 aceruo
711 2487 898 2538 sumfifl'e
925 2493 1114 2537 maxime
1141 2492 1372 2557 perspicua
1407 2503 1456 2540 et

27 2556 226 2614 &grauia
300 2554 382 2601 Sed
402 2560 601 2619 quamuis
622 2573 807 2604 coecum
839 2574 912 2613 me
939 2557 1157 2614 iudicent,
1204 2561 1277 2625 qui
1298 2559 1455 2606 eadem

36 2618 257 2681 hiccum
278 2624 521 2676 Muratorio
550 2622 719 2681 vident,
757 2624 920 2683 fateor,
961 2643 1036 2675 me
1064 2627 1110 2672 in
1134 2628 1187 2674 iis
1215 2629 1454 2690 agnoscere

753 2695 796 2738 D
835 2709 859 2750 3
1361 2696 1454 2742 veri
