1650 3060
165 180 264 228 55²
537 182 599 212 π
636 181 783 214 Μετν
815 161 1184 218 ‘ernernemim

166 287 307 353 spersa
355 285 418 333 est
461 289 590 335 aetati
637 286 840 344 nostrae3
890 287 1097 354 'posteris
1148 292 1279 340 etiam
1327 292 1566 352 minatoria,

167 367 338 404 tantam
367 355 568 403 fraudem
603 357 646 403 in
695 373 792 403 eam
834 355 987 404 cadere
1026 356 1230 423 potuiffe.
1332 366 1440 418 Quo
1478 380 1566 410 ma-

168 426 237 486 gis
283 423 373 469 hoc
420 433 467 469 et
511 420 831 483 magistratibus
873 435 920 472 et
963 424 1249 474 Ecclesiamm
1287 430 1566 477 scholarum-

168 507 259 556 que
298 488 552 538 dostoribus
587 489 649 538 est
689 489 938 553 agendum,
1006 504 1056 540 vt
1088 511 1111 539 a
1146 494 1305 542 talibus
1342 495 1566 544 fraudibus

167 559 345 625 populo
395 570 604 605 caueatur
653 560 700 605 in
737 557 988 623 posterum,
1057 572 1102 607 et
1134 561 1433 628 superstitioni
1472 575 1567 612 tam

170 625 329 674 foedae
363 626 434 673 vel
475 625 618 674 aditus
657 630 803 674 omnis
836 628 1200 691 praecludatur„
1242 631 1319 689 vel,
1350 629 1381 678 {i
1418 634 1568 680 extite-
1645 634 1650 646 ²

170 695 264 741 rint
303 698 396 741 eius
442 692 644 740 austeres
668 731 679 751 ,
747 697 776 741 ii
816 712 945 759 quam
985 696 1214 744 celerrime
1254 710 1568 759 ,amoueantun

170 764 238 808 Ita
277 760 320 808 se
347 760 506 823 dignos
538 762 720 808 Lutheri
757 760 978 826 disciplina
1007 763 1281 827 probabunt,
1350 777 1397 814 et
1434 768 1569 815 bene-

170 827 323 876 ficium
354 846 377 875 a
414 833 516 876 Deo
556 845 636 892 per
675 844 770 876 eam
812 833 977 893 patriae
1018 830 1190 878 nostrae
1221 833 1431 881 traditum
1461 851 1569 883 con-

172 895 422 944 seruabunt.
490 894 576 942 Sed
620 895 748 943 nobis
784 913 889 943 cum
927 894 1152 946 dostrinae
1192 899 1394 965 publicae
1434 904 1570 963 magi-

172 962 268 1010 stris
311 981 383 1011 res
425 961 511 1010 effe
544 963 700 1010 debet:
769 966 914 1028 itaque
946 981 1101 1013 eorum
1131 965 1186 1014 de
1226 965 1374 1016 officio
1411 970 1457 1016 in
1488 970 1577 1017 hae
1632 979 1650 1018 .“

172 1047 224 1079 re
254 1031 428 1097 planius
459 1029 824 1098 praecipiendum
858 1029 1044 1079 videtur.

314 1170 381 1213 Ac
415 1167 636 1232 primum,
707 1167 810 1231 quia
850 1166 978 1215 facile
1015 1169 1162 1232 prauis
1195 1168 1450 1217 huiusmodi
1479 1173 1586 1235 opi-t

174 1232 386 1281 nionibus
432 1237 670 1299 capiuntur
714 1237 855 1283 teneri
900 1237 1067 1291 animi,
1144 1252 1258 1299 quae
1296 1253 1397 1284 cum
1444 1238 1576 1285 semel
1646 1230 1647 1233 ¹

175 1311 386 1366 acceptae
426 1301 560 1356 sunt;
628 1305 687 1349 ita
713 1304 802 1350 alte
838 1300 1061 1359 insident,
1129 1313 1176 1349 vt
1215 1321 1308 1351 non
1347 1304 1485 1352 modo
1513 1305 1576 1352 fa·

177 1369 283 1415 ciles
322 1369 375 1416 ad
414 1368 687 1416 credendum
733 1369 872 1425 fiant,
939 1371 1013 1418 sed
1051 1370 1184 1417 etiam
1223 1383 1439 1436 appetant
1466 1374 1578 1420 tales

175 1453 348 1498 nugas,
414 1439 557 1503 iisque
603 1436 916 1493 delestentur3
986 1439 1186 1501 inprimis
1220 1449 1318 1486 tum
1360 1457 1383 1486 a
1418 1445 1587 1504 paren?

176 1505 297 1552 tibus
339 1508 486 1552 caueri
527 1505 689 1559 debet,
758 1523 815 1551 ne
852 1504 1181 1554 narrationibus
1232 1507 1387 1553 talium
1425 1524 1580 1555 rerum
1636 1550 1646 1569 :-

177 1589 305 1620 aures
356 1589 603 1636 puerorum
650 1572 936 1631 imbuantur,
1010 1584 1108 1619 tum
1157 1590 1181 1620 a
1227 1573 1443 1635 magistris
1491 1593 1581 1627 ma-

178 1650 281 1688 ture
326 1640 542 1688 monendi
591 1641 723 1697 sunt,
825 1657 873 1687 er
911 1637 1171 1690 *occasiones
1223 1641 1370 1695 dataS,
1433 1659 1491 1688 ne
1527 1643 1584 1688 iis

179 1717 352 1754 temere
388 1708 600 1764 credant,
667 1707 740 1755 sed
806 1718 900 1755 erte
937 1725 1006 1755 eas
1040 1706 1216 1770 semper
1251 1707 1466 1771 suspessias
1508 1708 1582 1755 ha·
1642 1722 1650 1734 ·’

181 1773 345 1830 beant,
417 1786 463 1822 et
500 1778 543 1822 in
583 1777 634 1821 iis
683 1794 706 1821 a
756 1774 979 1821 fraudibus
1018 1771 1095 1820 fibi
1139 1772 1378 1834 diligenter
1423 1792 1582 1823 cauen-
1635 1772 1647 1829 J,

183 1843 290 1889 dum
329 1852 502 1905 putent.
565 1839 830 1901 Magistrum
872 1841 1044 1888 scholae
1085 1839 1406 1901 dpstiffimum,
1465 1841 1585 1909 post-

189 1927 243 1956 ea
298 1910 531 1956 eximium·-
565 1907 782 1956 Ecclesiae
848 1906 1079 1956 destorem
1100 1943 1138 1964 ‚,
1204 1909 1391 1956 vidimus
1411 1944 1422 1966 ,
1504 1911 1584 1975 qui

1622 1913 1650 1973 13

183 1993 373 2025 monere
411 1977 569 2023 soleret
620 1976 887 2041 discipulos,
953 1986 1003 2023 vt
1055 1985 1234 2022 orarent
1278 1980 1460 2036 Deum,
1525 1993 1586 2024 ne
1632 1986 1647 2020 .{

184 2043 347 2093 sineret
388 2042 463 2090 fibi
509 2042 674 2107 spessra
721 2040 885 2090 offerri.
984 2044 1189 2100 Etenim,
1264 2043 1434 2102 aiebat,
1505 2046 1586 2109 qui

1590 2083 1648 2111 „4

186 2109 358 2177 spessra
387 2111 537 2159 vident
561 2148 572 2168 ‚
640 2122 717 2158 aut
756 2113 958 2174 corporis
999 2123 1073 2157 aut
1111 2111 1274 2159 mentis
1316 2113 1444 2173 graui
1477 2114 1587 2159 vitio
1633 2118 1650 2161 'ss

188 2178 421 2227 laborant:
486 2177 607 2242 quod
644 2178 674 2224 fi
711 2189 859 2224 tamen
895 2176 1134 2235 acciderit,
1198 2187 1268 2234 vt,
1320 2195 1588 2244 quamquam
1627 2191 1650 2244 ἑ,

189 2248 278 2295 sani
317 2256 470 2293 mente
506 2257 551 2293 et
590 2261 780 2310 corpore
802 2281 812 2300 ‚
876 2242 1096 2310 spestrum
1132 2243 1282 2292 videre
1326 2245 1589 2302 videamini,
1624 2248 1650 2286 's‘

190 2330 414 2376 memoregs
452 2316 678 2378 praecepti
715 2314 842 2367 Iesu,
911 2315 1011 2360 Luc.
1052 2329 1128 2373 24.
1168 2311 1369 2360 festinate
1405 2311 1589 2368 iddcon-
1634 2322 1647 2367 ἦ

1627 2350 1650 2528 Ξ

190 2378 381 2428 trestare
428 2381 655 2435 manibus,
727 2391 775 2426 vt
821 2378 1039 2435 videatis,
1105 2395 1159 2424 an
1205 2397 1381 2427 carnem
1421 2391 1468 2428 et
1501 2377 1591 2428 offa

191 2447 379 2505 habeat,
449 2464 506 2494 ne
557 2447 840 2511 decipiamini
891 2457 938 2492 et
989 2463 1147 2492 noxam
1186 2449 1416 2511 accipiatis.
1508 2452 1590 2496 Be-

192 2532 252 2562 ne
278 2512 485 2579 Ρτοὶεξὶο
522 2525 568 2562 et
595 2515 823 2578 sapienter.
921 2509 1141 2561 DoEtores
1176 2526 1323 2562 autem
1351 2515 1506 2578 populi
1531 2513 1592 2567 di·
1628 2531 1650 2578 ἐς

193 2583 385 2644 ligenter
426 2599 579 2631 curare
617 2581 804 2640 debent,
869 2581 1091 2648 primum,
1156 2593 1206 2632 vt
1247 2581 1451 2631 aduersus
1490 2591 1595 2629 tum
1626 2589 1650 2645 ξ.

1443 2664 1590 2697 omma
1628 2662 1639 2685 ⁷
